
@INPROCEEDINGS{De_Souza2007-fy,
  title     = "The boosting technique using correlation coefficient to improve
               time series forecasting accuracy",
  booktitle = "2007 {IEEE} Congress on Evolutionary Computation",
  author    = "de Souza, L V and Pozo, A T R and da Rosa, J M C and Neto, A C",
  pages     = "1288--1295",
  month     =  sep,
  year      =  2007,
  url       = "http://dx.doi.org/10.1109/CEC.2007.4424619",
  issn      = "1941-0026",
  doi       = "10.1109/CEC.2007.4424619"
}

@INPROCEEDINGS{Mayrink2016-ad,
  title     = "A hybrid method using Exponential Smoothing and Gradient
               Boosting for electrical short-term load forecasting",
  booktitle = "2016 {IEEE} Latin American Conference on Computational
               Intelligence ({LA-CCI})",
  author    = "Mayrink, V and Hippert, H S",
  publisher = "IEEE",
  pages     = "1--6",
  month     =  nov,
  year      =  2016,
  url       = "http://dx.doi.org/10.1109/LA-CCI.2016.7885697",
  doi       = "10.1109/LA-CCI.2016.7885697"
}

@ARTICLE{Zhu2005-fa,
  title   = "Ensemble Forecast : A New Approach to Uncertainty and
             Predictability",
  author  = "Zhu, Yuejian",
  journal = "Advances in Atmospheric Sciences",
  volume  =  22,
  number  =  6,
  pages   = "781--788",
  year    =  2005
}

@ARTICLE{Zhang2020-mt,
  title     = "Load probability density forecasting by transforming and
               combining quantile forecasts",
  author    = "Zhang, Shu and Wang, Yi and Zhang, Yutian and Wang, Dan and
               Zhang, Ning",
  journal   = "Applied energy",
  publisher = "Elsevier Ltd",
  volume    =  277,
  pages     = "115600",
  month     =  nov,
  year      =  2020,
  url       = "https://www.sciencedirect.com/science/article/pii/S0306261920311065",
  issn      = "0306-2619",
  doi       = "10.1016/j.apenergy.2020.115600"
}

@ARTICLE{Wallis2011-gl,
  title     = "Combining forecasts -- forty years later",
  author    = "Wallis, Kenneth F",
  journal   = "Applied Financial Economics",
  publisher = "Routledge",
  volume    =  21,
  number    = "1-2",
  pages     = "33--41",
  month     =  jan,
  year      =  2011,
  url       = "https://doi.org/10.1080/09603107.2011.523179",
  issn      = "0960-3107",
  doi       = "10.1080/09603107.2011.523179"
}

@ARTICLE{Ribeiro2020-mj,
  title     = "Ensemble approach based on bagging, boosting and stacking for
               short-term prediction in agribusiness time series",
  author    = "Ribeiro, Matheus Henrique Dal Molin and dos Santos Coelho,
               Leandro",
  journal   = "Applied soft computing",
  publisher = "Elsevier",
  volume    =  86,
  pages     = "105837",
  month     =  jan,
  year      =  2020,
  url       = "https://www.sciencedirect.com/science/article/pii/S1568494619306180",
  issn      = "1568-4946",
  doi       = "10.1016/j.asoc.2019.105837"
}

@ARTICLE{Zhou2002-cg,
  title   = "Ensembling neural networks: Many could be better than all",
  author  = "Zhou, Zhi-Hua and Wu, Jianxin and Tang, Wei",
  journal = "Artificial intelligence",
  volume  =  137,
  number  =  1,
  pages   = "239--263",
  month   =  may,
  year    =  2002,
  url     = "https://www.sciencedirect.com/science/article/pii/S000437020200190X",
  issn    = "0004-3702",
  doi     = "10.1016/S0004-3702(02)00190-X"
}

@ARTICLE{Godahewa2020-io,
  title         = "Ensembles of Localised Models for Time Series Forecasting",
  author        = "Godahewa, Rakshitha and Bandara, Kasun and Webb, Geoffrey I
                   and Smyl, Slawek and Bergmeir, Christoph",
  month         =  dec,
  year          =  2020,
  url           = "http://arxiv.org/abs/2012.15059",
  archivePrefix = "arXiv",
  eprint        = "2012.15059",
  primaryClass  = "cs.LG",
  arxivid       = "2012.15059"
}

@ARTICLE{Wang2018-sa,
  title         = "Combining Probabilistic Load Forecasts",
  author        = "Wang, Yi and Zhang, Ning and Tan, Yushi and Hong, Tao and
                   Kirschen, Daniel and Kang, Chongqing",
  month         =  mar,
  year          =  2018,
  url           = "http://arxiv.org/abs/1803.06730",
  archivePrefix = "arXiv",
  eprint        = "1803.06730",
  primaryClass  = "stat.AP",
  arxivid       = "1803.06730"
}

@ARTICLE{Talagala2019-qx,
  title         = "{{FFORMPP}}: Feature-based forecast model performance
                   prediction",
  author        = "Talagala, Thiyanga S and Li, Feng and Kang, Yanfei",
  month         =  aug,
  year          =  2019,
  url           = "http://arxiv.org/abs/1908.11500",
  archivePrefix = "arXiv",
  eprint        = "1908.11500",
  primaryClass  = "stat.AP",
  arxivid       = "1908.11500"
}

@ARTICLE{Vaiciukynas2020-zr,
  title         = "{Meta-Learning} for Time Series Forecasting Ensemble",
  author        = "Vaiciukynas, Evaldas and Danenas, Paulius and Kontrimas,
                   Vilius and Butleris, Rimantas",
  month         =  nov,
  year          =  2020,
  url           = "http://arxiv.org/abs/2011.10545",
  archivePrefix = "arXiv",
  eprint        = "2011.10545",
  primaryClass  = "stat.ML",
  arxivid       = "2011.10545"
}

@ARTICLE{Zhao2020-ep,
  title         = "{{For2For}}: Learning to forecast from forecasts",
  author        = "Zhao, Shi and Feng, Ying",
  month         =  jan,
  year          =  2020,
  url           = "http://arxiv.org/abs/2001.04601",
  archivePrefix = "arXiv",
  eprint        = "2001.04601",
  primaryClass  = "stat.ML",
  arxivid       = "2001.04601"
}

@ARTICLE{Robinzonov2012-ju,
  title   = "Boosting techniques for nonlinear time series models",
  author  = "Robinzonov, Nikolay and Tutz, Gerhard and Hothorn, Torsten",
  journal = "AStA. Advances in Statistical Analysis. A Journal of the German
             Statistical Society",
  volume  =  96,
  number  =  1,
  pages   = "99--122",
  month   =  jan,
  year    =  2012,
  url     = "https://doi.org/10.1007/s10182-011-0163-4",
  issn    = "1863-8171, 1863-818X",
  doi     = "10.1007/s10182-011-0163-4"
}

@UNPUBLISHED{Clark2008-io,
  title  = "Improving forecast accuracy by combining recursive and rolling
            forecasts",
  author = "Clark, Todd E and McCracken, Michael W",
  year   =  2008
}

@ARTICLE{Yu2005-px,
  title   = "A novel nonlinear ensemble forecasting model incorporating {GLAR}and {ANN} for foreign exchange rates",
  author  = "Yu, Lean and Wang, Shouyang and Lai, K K",
  journal = "Computers \& operations research",
  volume  =  32,
  number  =  10,
  pages   = "2523--2541",
  month   =  oct,
  year    =  2005,
  url     = "https://www.sciencedirect.com/science/article/pii/S030505480400156X",
  issn    = "0305-0548",
  doi     = "10.1016/j.cor.2004.06.024"
}

@ARTICLE{Hyndman2011-sd,
  title     = "Optimal combination forecasts for hierarchical time series",
  author    = "Hyndman, Rob J and Ahmed, Roman A and Athanasopoulos, George and
               Shang, Han Lin",
  journal   = "Computational statistics \& data analysis",
  publisher = "Citeseer",
  volume    =  55,
  number    =  9,
  pages     = "2579--2589",
  month     =  sep,
  year      =  2011,
  url       = "https://www.sciencedirect.com/science/article/pii/S0167947311000971",
  issn      = "0167-9473",
  doi       = "10.1016/j.csda.2011.03.006"
}

@ARTICLE{Gaba2017-tg,
  title     = "Combining Interval Forecasts",
  author    = "Gaba, Anil and Tsetlin, Ilia and Winkler, Robert L",
  journal   = "Decision Analysis",
  publisher = "INFORMS",
  volume    =  14,
  number    =  1,
  pages     = "1--20",
  month     =  mar,
  year      =  2017,
  url       = "https://doi.org/10.1287/deca.2016.0340",
  issn      = "1545-8490, 1545-8504",
  doi       = "10.1287/deca.2016.0340"
}

@INPROCEEDINGS{Shen2013-mh,
  title     = "An ensemble model for day-ahead electricity demand time series
               forecasting",
  booktitle = "Proceedings of the fourth international conference on Future
               energy systems",
  author    = "Shen, Wen and Babushkin, Vahan and Aung, Zeyar and Woon, Wei Lee",
  publisher = "Association for Computing Machinery",
  pages     = "51--62",
  series    = "e-Energy '13",
  month     =  may,
  year      =  2013,
  url       = "https://doi.org/10.1145/2487166.2487173",
  address   = "New York, NY, USA",
  location  = "Berkeley, California, USA",
  isbn      = "9781450320528",
  doi       = "10.1145/2487166.2487173"
}

@ARTICLE{Gneiting2013-hl,
  title     = "Combining predictive distributions",
  author    = "Gneiting, Tilmann and Ranjan, Roopesh",
  journal   = "European journal of sport science: EJSS: official journal of the
               European College of Sport Science",
  publisher = "Institute of Mathematical Statistics and Bernoulli Society",
  volume    =  7,
  number    = "none",
  pages     = "1747--1782",
  month     =  jan,
  year      =  2013,
  url       = "http://projecteuclid.org/euclid.ejs/1372861687",
  language  = "en",
  issn      = "1746-1391, 1935-7524",
  doi       = "10.1214/13-EJS823"
}

@ARTICLE{Wolpert1992-if,
  title   = "Stacked Generalization",
  author  = "Wolpert, David H",
  journal = "Elsevier Oceanography Series",
  volume  =  87545,
  number  =  505,
  pages   = "1--57",
  year    =  1992,
  issn    = "0422-9894"
}

@ARTICLE{Massaoudi2021-ty,
  title     = "A novel stacked generalization ensemble-based hybrid
               {LGBM-XGB-MLP} model for {Short-Term} Load Forecasting",
  author    = "Massaoudi, Mohamed and Refaat, Shady S and Chihi, Ines and
               Trabelsi, Mohamed and Oueslati, Fakhreddine S and Abu-Rub,
               Haitham",
  journal   = "Energy",
  publisher = "Elsevier Ltd",
  volume    =  214,
  pages     = "118874",
  year      =  2021,
  url       = "https://doi.org/10.1016/j.energy.2020.118874",
  issn      = "0360-5442",
  doi       = "10.1016/j.energy.2020.118874"
}

@ARTICLE{Kim2018-md,
  title     = "Short-term probabilistic forecasting of wind energy resources
               using the enhanced ensemble method",
  author    = "Kim, Deockho and Hur, Jin",
  journal   = "Energy",
  publisher = "Elsevier Ltd",
  volume    =  157,
  pages     = "211--226",
  year      =  2018,
  url       = "https://doi.org/10.1016/j.energy.2018.05.157",
  issn      = "0360-5442",
  doi       = "10.1016/j.energy.2018.05.157"
}

@ARTICLE{De_Oliveira2018-ck,
  title     = "Forecasting mid-long term electric energy consumption through
               bagging {ARIMA} and exponential smoothing methods",
  author    = "de Oliveira, Erick Meira and Cyrino Oliveira, Fernando Luiz",
  journal   = "Energy",
  publisher = "Elsevier Ltd",
  volume    =  144,
  pages     = "776--788",
  month     =  feb,
  year      =  2018,
  url       = "https://www.sciencedirect.com/science/article/pii/S0360544217320820",
  issn      = "0360-5442",
  doi       = "10.1016/j.energy.2017.12.049"
}

@ARTICLE{Moon2020-ls,
  title     = "Combination of short-term load forecasting models based on a
               stacking ensemble approach",
  author    = "Moon, Jihoon and Jung, Seungwon and Rew, Jehyeok and Rho,
               Seungmin and Hwang, Eenjun",
  journal   = "Energy and Buildings",
  publisher = "Elsevier B.V.",
  volume    =  216,
  pages     = "109921",
  month     =  jun,
  year      =  2020,
  url       = "https://www.sciencedirect.com/science/article/pii/S0378778819327938",
  issn      = "0378-7788",
  doi       = "10.1016/j.enbuild.2020.109921"
}

@UNPUBLISHED{Ray2020-qg,
  title  = "Ensemble Forecasts of Coronavirus Disease 2019 ({{COVID-19}}) in
            the {U.S}",
  author = "Ray, Evan L and Wattanachit, Nutcha and Niemi, Jarad and Kanji,
            Abdul Hannan and House, Katie and Cramer, Estee Y and Bracher,
            Johannes and Zheng, Andrew and Yamana, Teresa K and Xiong, Xinyue
            and Woody, Spencer and Wang, Yuanjia and Wang, Lily and Walraven,
            Robert L and Tomar, Vishal and Sherratt, Katherine and Sheldon,
            Daniel and Reiner, Robert C and Prakash, B Aditya and Osthus, Dave
            and Li, Michael Lingzhi and Lee, Elizabeth C and Koyluoglu, Ugur
            and Keskinocak, Pinar and Gu, Youyang and Gu, Quanquan and George,
            Glover E and Espa{\~n}a, Guido and Corsetti, Sabrina and Chhatwal,
            Jagpreet and Cavany, Sean and Biegel, Hannah and Ben-Nun, Michal
            and Walker, Jo and Slayton, Rachel and Lopez, Velma and
            Biggerstaff, Matthew and Johansson, Michael A and Reich, Nicholas G
            and {COVID-19 Forecast Hub Consortium}",
  month  =  aug,
  year   =  2020,
  url    = "https://www.medrxiv.org/content/10.1101/2020.08.19.20177493v1.abstract"
}

@ARTICLE{Rendon-Sanchez2019-qm,
  title     = "Structural combination of seasonal exponential smoothing
               forecasts applied to load forecasting",
  author    = "Rendon-Sanchez, Juan F and de Menezes, Lilian M",
  journal   = "European journal of operational research",
  publisher = "Elsevier B.V.",
  volume    =  275,
  number    =  3,
  pages     = "916--924",
  month     =  jun,
  year      =  2019,
  url       = "https://www.sciencedirect.com/science/article/pii/S0377221718310518",
  issn      = "0377-2217",
  doi       = "10.1016/j.ejor.2018.12.013"
}

@ARTICLE{Petropoulos2018-fw,
  title     = "Exploring the sources of uncertainty: {Why} does bagging for
               time series forecasting work?",
  author    = "Petropoulos, Fotios and Hyndman, Rob J and Bergmeir, Christoph",
  journal   = "European journal of operational research",
  publisher = "Elsevier BV",
  volume    =  268,
  number    =  2,
  pages     = "545--554",
  month     =  jul,
  year      =  2018,
  url       = "https://linkinghub.elsevier.com/retrieve/pii/S037722171830081X",
  language  = "en",
  issn      = "0377-2217, 1872-6860",
  doi       = "10.1016/j.ejor.2018.01.045"
}

@ARTICLE{Li2020-od,
  title     = "Forecasting with time series imaging",
  author    = "Li, Xixi and Kang, Yanfei and Li, Feng",
  journal   = "Expert systems with applications",
  publisher = "Elsevier BV",
  volume    =  160,
  number    =  113680,
  pages     = "113680",
  month     =  dec,
  year      =  2020,
  url       = "https://linkinghub.elsevier.com/retrieve/pii/S0957417420305042",
  language  = "en",
  issn      = "0957-4174, 1873-6793",
  doi       = "10.1016/j.eswa.2020.113680"
}

@ARTICLE{Petropoulos2017-xo,
  title     = "A stacked generalization system for automated {FOREX} portfolio
               trading",
  author    = "Petropoulos, Anastasios and Chatzis, Sotirios P and Siakoulis,
               Vasilis and Vlachogiannakis, Nikos",
  journal   = "Expert systems with applications",
  publisher = "Elsevier Ltd",
  volume    =  90,
  pages     = "290--302",
  month     =  dec,
  year      =  2017,
  url       = "https://www.sciencedirect.com/science/article/pii/S0957417417305493",
  issn      = "0957-4174",
  doi       = "10.1016/j.eswa.2017.08.011"
}

@ARTICLE{Franses2011-qi,
  title   = "Combining {SKU-level} sales forecasts from models and experts",
  author  = "Franses, Philip Hans and Legerstee, Rianne",
  journal = "Expert systems with applications",
  volume  =  38,
  number  =  3,
  pages   = "2365--2370",
  month   =  mar,
  year    =  2011,
  url     = "https://www.sciencedirect.com/science/article/pii/S0957417410008079",
  issn    = "0957-4174",
  doi     = "10.1016/j.eswa.2010.08.024"
}

@ARTICLE{Das2017-lc,
  title     = "A deep-learning-based forecasting ensemble to predict missing
               data for remote sensing analysis",
  author    = "Das, Monidipa and Ghosh, Soumya K",
  journal   = "IEEE journal of selected topics in applied earth observations
               and remote sensing",
  publisher = "Institute of Electrical and Electronics Engineers (IEEE)",
  volume    =  10,
  number    =  12,
  pages     = "5228--5236",
  month     =  dec,
  year      =  2017,
  url       = "http://ieeexplore.ieee.org/document/8170480/",
  issn      = "1939-1404, 2151-1535",
  doi       = "10.1109/jstars.2017.2760202"
}

@INPROCEEDINGS{Qiu2014-zo,
  title           = "Ensemble deep learning for regression and time series
                     forecasting",
  booktitle       = "2014 {IEEE} Symposium on Computational Intelligence in
                     Ensemble Learning ({CIEL})",
  author          = "Qiu, Xueheng and Zhang, Le and Ren, Ye and Suganthan, P
                     and Amaratunga, Gehan",
  publisher       = "IEEE",
  month           =  dec,
  year            =  2014,
  url             = "http://ieeexplore.ieee.org/document/7015739/",
  conference      = "2014 IEEE Symposium on Computational Intelligence in
                     Ensemble Learning (CIEL)",
  location        = "Orlando, FL, USA",
  isbn            = "9781479945122",
  doi             = "10.1109/ciel.2014.7015739"
}

@ARTICLE{Taylor2009-vr,
  title   = "Wind Power Density Forecasting Using Ensemble Predictions and Time
             Series Models",
  author  = "Taylor, J W and McSharry, P E and Buizza, R",
  journal = "IEEE Transactions on Energy Conversion",
  volume  =  24,
  number  =  3,
  pages   = "775--782",
  month   =  sep,
  year    =  2009,
  url     = "http://dx.doi.org/10.1109/TEC.2009.2025431",
  issn    = "1558-0059",
  doi     = "10.1109/TEC.2009.2025431"
}

@ARTICLE{Taylor2002-jr,
  title     = "Weather Ensemble Predictions",
  author    = "Taylor, J W and Buizza, R",
  journal   = "IEEE Transactions on Power Systems",
  publisher = "IEEE",
  volume    =  17,
  number    =  3,
  pages     = "626--632",
  year      =  2002
}

@ARTICLE{Xie2017-fv,
  title   = "On Normality Assumption in Residual Simulation for Probabilistic
             Load Forecasting",
  author  = "Xie, J and Hong, T and Laing, T and Kang, C",
  journal = "IEEE transactions on smart grid",
  volume  =  8,
  number  =  3,
  pages   = "1046--1053",
  month   =  may,
  year    =  2017,
  url     = "http://dx.doi.org/10.1109/TSG.2015.2447007",
  issn    = "1949-3053",
  doi     = "10.1109/TSG.2015.2447007"
}

@ARTICLE{Ben_Taieb2016-bl,
  title     = "Forecasting Uncertainty in Electricity Smart Meter Data by
               Boosting Additive Quantile Regression",
  author    = "Ben Taieb, S and Huser, R and Hyndman, R J and Genton, M G",
  journal   = "IEEE transactions on smart grid",
  publisher = "Institute of Electrical and Electronics Engineers Inc.",
  volume    =  7,
  number    =  5,
  pages     = "2448--2455",
  month     =  sep,
  year      =  2016,
  url       = "http://dx.doi.org/10.1109/TSG.2016.2527820",
  issn      = "1949-3053, 1949-3061",
  doi       = "10.1109/TSG.2016.2527820"
}

@ARTICLE{Lin2019-me,
  title   = "A {Multi-Model} Combination Approach for Probabilistic Wind Power
             Forecasting",
  author  = "Lin, Y and Yang, M and Wan, C and Wang, J and Song, Y",
  journal = "IEEE Transactions on Sustainable Energy",
  volume  =  10,
  number  =  1,
  pages   = "226--237",
  month   =  jan,
  year    =  2019,
  url     = "http://dx.doi.org/10.1109/TSTE.2018.2831238",
  issn    = "1949-3037",
  doi     = "10.1109/TSTE.2018.2831238"
}

@ARTICLE{Assaad2008-ze,
  title   = "A new boosting algorithm for improved time-series forecasting with
             recurrent neural networks",
  author  = "Assaad, Mohammad and Bon{\'e}, Romuald and Cardot, Hubert",
  journal = "An international journal on information fusion",
  volume  =  9,
  number  =  1,
  pages   = "41--55",
  month   =  jan,
  year    =  2008,
  url     = "https://www.sciencedirect.com/science/article/pii/S1566253506000820",
  issn    = "1566-2535",
  doi     = "10.1016/j.inffus.2006.10.009"
}

@ARTICLE{Jaganathan2020-qy,
  title   = "A combination-based forecasting method for the M4-competition",
  author  = "Jaganathan, Srihari and Prakash, P K S",
  journal = "International journal of forecasting",
  volume  =  36,
  number  =  1,
  pages   = "98--104",
  month   =  jan,
  year    =  2020,
  url     = "http://www.sciencedirect.com/science/article/pii/S0169207019301542",
  issn    = "0169-2070",
  doi     = "10.1016/j.ijforecast.2019.03.030"
}

@ARTICLE{Shaub2019-on,
  title     = "Fast and accurate yearly time series forecasting with forecast
               combinations",
  author    = "Shaub, David",
  journal   = "International journal of forecasting",
  publisher = "Elsevier",
  month     =  aug,
  year      =  2019,
  url       = "http://www.sciencedirect.com/science/article/pii/S0169207019301566",
  issn      = "0169-2070",
  doi       = "10.1016/j.ijforecast.2019.03.032"
}

@ARTICLE{Atiya2019-ge,
  title   = "Why does forecast combination work so well?",
  author  = "Atiya, Amir F",
  journal = "International journal of forecasting",
  month   =  may,
  year    =  2019,
  url     = "http://www.sciencedirect.com/science/article/pii/S0169207019300779",
  issn    = "0169-2070",
  doi     = "10.1016/j.ijforecast.2019.03.010"
}

@ARTICLE{Petropoulos2020-fp,
  title     = "A simple combination of univariate models",
  author    = "Petropoulos, Fotios and Svetunkov, Ivan",
  journal   = "International journal of forecasting",
  publisher = "Elsevier BV",
  volume    =  36,
  number    =  1,
  pages     = "110--115",
  month     =  jan,
  year      =  2020,
  url       = "https://linkinghub.elsevier.com/retrieve/pii/S0169207019300585",
  language  = "en",
  issn      = "0169-2070, 1872-8200",
  doi       = "10.1016/j.ijforecast.2019.01.006"
}

@ARTICLE{Vokurka1996-ot,
  title     = "Automatic feature identification and graphical support in
               rule-based forecasting: a comparison",
  author    = "Vokurka, Robert J and Flores, Benito E and Pearce, Stephen L",
  journal   = "International journal of forecasting",
  publisher = "Elsevier BV",
  volume    =  12,
  number    =  4,
  pages     = "495--512",
  month     =  dec,
  year      =  1996,
  url       = "https://linkinghub.elsevier.com/retrieve/pii/S0169207096006826",
  language  = "en",
  issn      = "0169-2070, 1872-8200",
  doi       = "10.1016/s0169-2070(96)00682-6"
}

@ARTICLE{De_Gooijer2006-eg,
  title   = "25 years of time series forecasting",
  author  = "De Gooijer, Jan G and Hyndman, Rob J",
  journal = "International journal of forecasting",
  volume  =  22,
  number  =  3,
  pages   = "443--473",
  month   =  jan,
  year    =  2006,
  url     = "https://www.sciencedirect.com/science/article/pii/S0169207006000021",
  issn    = "0169-2070",
  doi     = "10.1016/j.ijforecast.2006.01.001"
}

@ARTICLE{Makridakis2020-hu,
  title   = "The {M4} Competition: 100,000 time series and 61 forecasting
             methods",
  author  = "Makridakis, Spyros and Spiliotis, Evangelos and Assimakopoulos,
             Vassilios",
  journal = "International journal of forecasting",
  volume  =  36,
  number  =  1,
  pages   = "54--74",
  month   =  jan,
  year    =  2020,
  url     = "https://www.sciencedirect.com/science/article/pii/S0169207019301128",
  issn    = "0169-2070",
  doi     = "10.1016/j.ijforecast.2019.04.014"
}

@ARTICLE{Kolassa2011-ai,
  title     = "Combining exponential smoothing forecasts using Akaike weights",
  author    = "Kolassa, Stephan",
  journal   = "International journal of forecasting",
  publisher = "Elsevier",
  volume    =  27,
  number    =  2,
  pages     = "238--251",
  month     =  apr,
  year      =  2011,
  url       = "https://www.sciencedirect.com/science/article/pii/S0169207010001032",
  issn      = "0169-2070",
  doi       = "10.1016/j.ijforecast.2010.04.006"
}

@ARTICLE{Hong2016-yx,
  title     = "Probabilistic electric load forecasting: A tutorial review",
  author    = "Hong, Tao and Fan, Shu",
  journal   = "International journal of forecasting",
  publisher = "Elsevier",
  volume    =  32,
  number    =  3,
  pages     = "914--938",
  month     =  jul,
  year      =  2016,
  url       = "https://www.sciencedirect.com/science/article/pii/S0169207015001508",
  issn      = "0169-2070",
  doi       = "10.1016/j.ijforecast.2015.11.011"
}

@ARTICLE{Montero-Manso2020-tq,
  title     = "{FFORMA}: Feature-based forecast model averaging",
  author    = "Montero-Manso, Pablo and Athanasopoulos, George and Hyndman, Rob
               J and Talagala, Thiyanga S",
  journal   = "International journal of forecasting",
  publisher = "Elsevier B.V.",
  volume    =  36,
  number    =  1,
  pages     = "86--92",
  month     =  jan,
  year      =  2020,
  url       = "https://www.sciencedirect.com/science/article/pii/S0169207019300895",
  issn      = "0169-2070",
  doi       = "10.1016/j.ijforecast.2019.02.011"
}

@ARTICLE{Saha2021-ug,
  title     = "Prediction of the Indian summer monsoon using a stacked
               autoencoder and ensemble regression model",
  author    = "Saha, Moumita and Santara, Anirban and Mitra, Pabitra and
               Chakraborty, Arun and Nanjundiah, Ravi S",
  journal   = "International journal of forecasting",
  publisher = "Elsevier B.V.",
  volume    =  37,
  number    =  1,
  pages     = "58--71",
  month     =  jan,
  year      =  2021,
  url       = "https://www.sciencedirect.com/science/article/pii/S0169207020300479",
  issn      = "0169-2070",
  doi       = "10.1016/j.ijforecast.2020.03.001"
}

@ARTICLE{Alonzo2020-ys,
  title     = "Probabilistic wind forecasting up to three months ahead using
               ensemble predictions for geopotential height",
  author    = "Alonzo, Bastien and Tankov, Peter and Drobinski, Philippe and
               Plougonven, Riwal",
  journal   = "International journal of forecasting",
  publisher = "Elsevier B.V.",
  volume    =  36,
  number    =  2,
  pages     = "515--530",
  month     =  apr,
  year      =  2020,
  url       = "https://www.sciencedirect.com/science/article/pii/S0169207019302018",
  issn      = "0169-2070",
  doi       = "10.1016/j.ijforecast.2019.07.005"
}

@ARTICLE{Nagy2016-lx,
  title     = "{GEFCom2014}: Probabilistic solar and wind power forecasting
               using a generalized additive tree ensemble approach",
  author    = "Nagy, G{\'a}bor I and Barta, Gerg{\H o} and Kazi, S{\'a}ndor and
               Borb{\'e}ly, Gyula and Simon, G{\'a}bor",
  journal   = "International journal of forecasting",
  publisher = "Elsevier B.V.",
  volume    =  32,
  number    =  3,
  pages     = "1087--1093",
  month     =  jul,
  year      =  2016,
  url       = "https://www.sciencedirect.com/science/article/pii/S0169207015001521",
  issn      = "0169-2070",
  doi       = "10.1016/j.ijforecast.2015.11.013"
}

@ARTICLE{Dantas2018-rh,
  title     = "Improving time series forecasting: An approach combining
               bootstrap aggregation, clusters and exponential smoothing",
  author    = "Dantas, Tiago Mendes and Cyrino Oliveira, Fernando Luiz",
  journal   = "International journal of forecasting",
  publisher = "Elsevier B.V.",
  volume    =  34,
  number    =  4,
  pages     = "748--761",
  year      =  2018,
  url       = "https://doi.org/10.1016/j.ijforecast.2018.05.006",
  issn      = "0169-2070",
  doi       = "10.1016/j.ijforecast.2018.05.006"
}

@ARTICLE{Landgraf2019-ya,
  title     = "An ensemble approach to {GEFCom2017} probabilistic load
               forecasting",
  author    = "Landgraf, Andrew J",
  journal   = "International journal of forecasting",
  publisher = "Elsevier B.V.",
  volume    =  35,
  number    =  4,
  pages     = "1432--1438",
  year      =  2019,
  url       = "https://doi.org/10.1016/j.ijforecast.2019.02.003",
  issn      = "0169-2070",
  doi       = "10.1016/j.ijforecast.2019.02.003"
}

@ARTICLE{Barrow2016-wl,
  title     = "A comparison of {AdaBoost} algorithms for time series forecast
               combination",
  author    = "Barrow, Devon K and Crone, Sven F",
  journal   = "International journal of forecasting",
  publisher = "Elsevier B.V.",
  volume    =  32,
  number    =  4,
  pages     = "1103--1119",
  year      =  2016,
  url       = "http://dx.doi.org/10.1016/j.ijforecast.2016.01.006",
  issn      = "0169-2070",
  doi       = "10.1016/j.ijforecast.2016.01.006"
}

@ARTICLE{Ben_Taieb2014-rx,
  title   = "A gradient boosting approach to the Kaggle load forecasting
             competition",
  author  = "Ben Taieb, Souhaib and Hyndman, Rob J",
  journal = "International journal of forecasting",
  year    =  2014,
  issn    = "0169-2070"
}

@ARTICLE{Huang2016-fm,
  title     = "A semi-empirical approach using gradient boosting and k-nearest
               neighbors regression for {GEFCom2014} probabilistic solar power
               forecasting",
  author    = "Huang, Jing and Perry, Matthew",
  journal   = "International journal of forecasting",
  publisher = "Elsevier B.V.",
  volume    =  32,
  number    =  3,
  pages     = "1081--1086",
  year      =  2016,
  url       = "http://dx.doi.org/10.1016/j.ijforecast.2015.11.002",
  issn      = "0169-2070",
  doi       = "10.1016/j.ijforecast.2015.11.002"
}

@ARTICLE{Tashman2000-qe,
  title   = "Out-of-sample tests of forecasting accuracy: An analysis and
             review",
  author  = "Tashman, Leonard J",
  journal = "International journal of forecasting",
  volume  =  16,
  number  =  4,
  pages   = "437--450",
  year    =  2000,
  url     = "http://dx.doi.org/10.1016/S0169-2070(00)00065-0",
  issn    = "0169-2070",
  doi     = "10.1016/S0169-2070(00)00065-0"
}

@ARTICLE{Xie2016-fb,
  title     = "{GEFCom2014} probabilistic electric load forecasting: An
               integrated solution with forecast combination and residual
               simulation",
  author    = "Xie, Jingrui and Hong, Tao",
  journal   = "International journal of forecasting",
  publisher = "Elsevier B.V.",
  volume    =  32,
  number    =  3,
  pages     = "1012--1016",
  year      =  2016,
  url       = "http://dx.doi.org/10.1016/j.ijforecast.2015.11.005",
  issn      = "0169-2070",
  doi       = "10.1016/j.ijforecast.2015.11.005"
}

@ARTICLE{Smyl2020-ll,
  title     = "A hybrid method of exponential smoothing and recurrent neural
               networks for time series forecasting",
  author    = "Smyl, Slawek",
  journal   = "International journal of forecasting",
  publisher = "Elsevier B.V.",
  volume    =  36,
  number    =  1,
  pages     = "75--85",
  year      =  2020,
  url       = "https://doi.org/10.1016/j.ijforecast.2019.03.017",
  issn      = "0169-2070",
  doi       = "10.1016/j.ijforecast.2019.03.017"
}

@ARTICLE{Kauppi2021-at,
  title     = "Boosting nonlinear predictability of macroeconomic time series",
  author    = "Kauppi, Heikki and Virtanen, Timo",
  journal   = "International journal of forecasting",
  publisher = "Elsevier B.V.",
  volume    =  37,
  number    =  1,
  pages     = "151--170",
  year      =  2021,
  url       = "https://doi.org/10.1016/j.ijforecast.2020.03.008",
  issn      = "0169-2070",
  doi       = "10.1016/j.ijforecast.2020.03.008"
}

@ARTICLE{Xie2016-wc,
  title   = "{GEFCom2014} probabilistic electric load forecasting: An
             integrated solution with forecast combination and residual
             simulation",
  author  = "Xie, Jingrui and Hong, Tao",
  journal = "International journal of forecasting",
  volume  =  32,
  number  =  3,
  pages   = "1012--1016",
  month   =  jul,
  year    =  2016,
  url     = "https://www.sciencedirect.com/science/article/pii/S0169207015001405",
  issn    = "0169-2070",
  doi     = "10.1016/j.ijforecast.2015.11.005"
}

@ARTICLE{Clemen1989-fb,
  title     = "Combining forecasts: A review and annotated bibliography",
  author    = "Clemen, Robert T",
  journal   = "International journal of forecasting",
  publisher = "Elsevier BV",
  volume    =  5,
  number    =  4,
  pages     = "559--583",
  month     =  jan,
  year      =  1989,
  url       = "https://www.sciencedirect.com/science/article/pii/0169207089900125",
  language  = "en",
  issn      = "0169-2070, 1872-8200",
  doi       = "10.1016/0169-2070(89)90012-5"
}

@ARTICLE{Diebold1990-fk,
  title     = "The use of prior information in forecast combination",
  author    = "Diebold, Francis X and Pauly, Peter",
  journal   = "International journal of forecasting",
  publisher = "Elsevier BV",
  volume    =  6,
  number    =  4,
  pages     = "503--508",
  month     =  dec,
  year      =  1990,
  url       = "https://www.sciencedirect.com/science/article/pii/016920709090028A",
  language  = "en",
  issn      = "0169-2070, 1872-8200",
  doi       = "10.1016/0169-2070(90)90028-A"
}

@ARTICLE{Kourentzes2019-na,
  title     = "Another look at forecast selection and combination: Evidence
               from forecast pooling",
  author    = "Kourentzes, Nikolaos and Barrow, Devon and Petropoulos, Fotios",
  journal   = "International Journal of Production Economics",
  publisher = "Elsevier Ltd",
  volume    =  209,
  number    = "February 2018",
  pages     = "226--235",
  month     =  mar,
  year      =  2019,
  url       = "https://www.sciencedirect.com/science/article/pii/S0925527318302196",
  issn      = "0925-5273",
  doi       = "10.1016/j.ijpe.2018.05.019"
}

@ARTICLE{Genre2013-ut,
  title   = "Combining expert forecasts: Can anything beat the simple average?",
  author  = "Genre, V{\'e}ronique and Kenny, Geoff and Meyler, Aidan and
             Timmermann, Allan",
  journal = "International journal of forecasting",
  volume  =  29,
  number  =  1,
  pages   = "108--121",
  month   =  jan,
  year    =  2013,
  url     = "https://www.sciencedirect.com/science/article/pii/S016920701200088X",
  issn    = "0169-2070",
  doi     = "10.1016/j.ijforecast.2012.06.004"
}

@MISC{Grushka-Cockayne2020-pv,
  title     = "Combining prediction intervals in the {M4} competition",
  author    = "Grushka-Cockayne, Yael and Jose, Victor Richmond R",
  journal   = "International Journal of Forecasting",
  publisher = "Elsevier B.V.",
  volume    =  36,
  number    =  1,
  pages     = "178--185",
  month     =  jan,
  year      =  2020,
  url       = "http://dx.doi.org/10.1016/j.ijforecast.2019.04.015",
  issn      = "0169-2070",
  doi       = "10.1016/j.ijforecast.2019.04.015"
}

@MISC{Hong2016-pd,
  title     = "Probabilistic energy forecasting: Global Energy Forecasting
               Competition 2014 and beyond",
  author    = "Hong, Tao and Pinson, Pierre and Fan, Shu and Zareipour,
               Hamidreza and Troccoli, Alberto and Hyndman, Rob J",
  journal   = "International Journal of Forecasting",
  publisher = "Elsevier",
  volume    =  32,
  number    =  3,
  pages     = "896--913",
  month     =  jul,
  year      =  2016,
  url       = "http://dx.doi.org/10.1016/j.ijforecast.2016.02.001",
  issn      = "0169-2070",
  doi       = "10.1016/j.ijforecast.2016.02.001"
}

@ARTICLE{Clements2011-ui,
  title     = "Combining probability forecasts",
  author    = "Clements, Michael P and Harvey, David I",
  journal   = "International journal of forecasting",
  publisher = "Elsevier BV",
  volume    =  27,
  number    =  2,
  pages     = "208--223",
  month     =  apr,
  year      =  2011,
  url       = "https://www.sciencedirect.com/science/article/pii/S0169207010000075",
  language  = "en",
  issn      = "0169-2070, 1872-8200",
  doi       = "10.1016/j.ijforecast.2009.12.016"
}

@ARTICLE{Hibon2005-ok,
  title     = "To combine or not to combine: selecting among forecasts and
               their combinations",
  author    = "Hibon, Mich{\`e}le and Evgeniou, Theodoros",
  journal   = "International journal of forecasting",
  publisher = "Elsevier BV",
  volume    =  21,
  number    =  1,
  pages     = "15--24",
  month     =  jan,
  year      =  2005,
  url       = "https://www.sciencedirect.com/science/article/pii/S0169207004000494",
  language  = "en",
  issn      = "0169-2070, 1872-8200",
  doi       = "10.1016/j.ijforecast.2004.05.002"
}

@ARTICLE{Pawlikowski2020-hm,
  title   = "Weighted ensemble of statistical models",
  author  = "Pawlikowski, Maciej and Chorowska, Agata",
  journal = "International journal of forecasting",
  volume  =  36,
  number  =  1,
  pages   = "93--97",
  month   =  jan,
  year    =  2020,
  url     = "https://www.sciencedirect.com/science/article/pii/S0169207019301190",
  issn    = "0169-2070",
  doi     = "10.1016/j.ijforecast.2019.03.019"
}

@ARTICLE{Trapero2019-uh,
  title   = "Quantile forecast optimal combination to enhance safety stock
             estimation",
  author  = "Trapero, Juan R and Card{\'o}s, Manuel and Kourentzes, Nikolaos",
  journal = "International journal of forecasting",
  volume  =  35,
  number  =  1,
  pages   = "239--250",
  month   =  jan,
  year    =  2019,
  url     = "https://www.sciencedirect.com/science/article/pii/S0169207018300918",
  issn    = "0169-2070",
  doi     = "10.1016/j.ijforecast.2018.05.009"
}

@ARTICLE{Claeskens2016-pv,
  title   = "The forecast combination puzzle: A simple theoretical explanation",
  author  = "Claeskens, Gerda and Magnus, Jan R and Vasnev, Andrey L and Wang,
             Wendun",
  journal = "International journal of forecasting",
  volume  =  32,
  number  =  3,
  pages   = "754--762",
  month   =  jul,
  year    =  2016,
  url     = "https://www.sciencedirect.com/science/article/pii/S0169207016000327",
  issn    = "0169-2070",
  doi     = "10.1016/j.ijforecast.2015.12.005"
}

@ARTICLE{Song2013-bj,
  title   = "Combining statistical and judgmental forecasts via a web-based
             tourism demand forecasting system",
  author  = "Song, Haiyan and Gao, Bastian Z and Lin, Vera S",
  journal = "International journal of forecasting",
  volume  =  29,
  number  =  2,
  pages   = "295--310",
  month   =  apr,
  year    =  2013,
  url     = "https://www.sciencedirect.com/science/article/pii/S0169207012000064",
  issn    = "0169-2070",
  doi     = "10.1016/j.ijforecast.2011.12.003"
}

@ARTICLE{Lichtendahl2020-ut,
  title   = "Why do some combinations perform better than others?",
  author  = "Lichtendahl, Kenneth C and Winkler, Robert L",
  journal = "International journal of forecasting",
  volume  =  36,
  number  =  1,
  pages   = "142--149",
  month   =  jan,
  year    =  2020,
  url     = "https://www.sciencedirect.com/science/article/pii/S0169207019301475",
  issn    = "0169-2070",
  doi     = "10.1016/j.ijforecast.2019.03.027"
}

@ARTICLE{Ingel2020-km,
  title   = "Correlated daily time series and forecasting in the {M4} competition",
  author  = "Ingel, Anti and Shahroudi, Novin and K{\"a}ngsepp, Markus and
             T{\"a}ttar, Andre and Komisarenko, Viacheslav and Kull, Meelis",
  journal = "International journal of forecasting",
  volume  =  36,
  number  =  1,
  pages   = "121--128",
  month   =  jan,
  year    =  2020,
  url     = "https://www.sciencedirect.com/science/article/pii/S0169207019301360",
  issn    = "0169-2070",
  doi     = "10.1016/j.ijforecast.2019.02.018"
}

@ARTICLE{Andrawis2011-fm,
  title     = "Forecast combinations of computational intelligence and linear
               models for the {NN5} time series forecasting competition",
  author    = "Andrawis, Robert R and Atiya, Amir F and El-Shishiny, Hisham",
  journal   = "International journal of forecasting",
  publisher = "Elsevier BV",
  volume    =  27,
  number    =  3,
  pages     = "672--688",
  month     =  jul,
  year      =  2011,
  url       = "https://www.sciencedirect.com/science/article/pii/S0169207010001445",
  language  = "en",
  issn      = "0169-2070, 1872-8200",
  doi       = "10.1016/j.ijforecast.2010.09.005"
}

@ARTICLE{Bergmeir2016-ae,
  title     = "Bagging exponential smoothing methods using {STL} decomposition
               and {Box--Cox} transformation",
  author    = "Bergmeir, Christoph and Hyndman, Rob J and Ben{\'\i}tez,
               Jos{\'e} M",
  journal   = "International journal of forecasting",
  publisher = "Elsevier BV",
  volume    =  32,
  number    =  2,
  pages     = "303--312",
  month     =  apr,
  year      =  2016,
  url       = "https://www.sciencedirect.com/science/article/pii/S0169207015001120",
  issn      = "0169-2070, 1872-8200",
  doi       = "10.1016/j.ijforecast.2015.07.002"
}

@ARTICLE{Wang2016-uw,
  title     = "To select or to combine? The inventory performance of model and
               expert forecasts",
  author    = "Wang, Xun and Petropoulos, Fotios",
  journal   = "International Journal of Production Research",
  publisher = "Taylor \& Francis",
  volume    =  54,
  number    =  17,
  pages     = "5271--5282",
  month     =  sep,
  year      =  2016,
  url       = "https://doi.org/10.1080/00207543.2016.1167983",
  eprint    = "http://dx.doi.org/10.1080/00207543.2016.1167983",
  issn      = "0020-7543",
  doi       = "10.1080/00207543.2016.1167983"
}

@ARTICLE{Inoue2008-dn,
  title     = "How Useful Is Bagging in Forecasting Economic Time Series? A
               Case Study of {U.S}. Consumer Price Inflation",
  author    = "Inoue, Atsushi and Kilian, Lutz",
  journal   = "Journal of the American Statistical Association",
  publisher = "Taylor \& Francis",
  volume    =  103,
  number    =  482,
  pages     = "511--522",
  month     =  jun,
  year      =  2008,
  url       = "https://doi.org/10.1198/016214507000000473",
  issn      = "0162-1459",
  doi       = "10.1198/016214507000000473"
}

@ARTICLE{Leutbecher2008-mc,
  title   = "Ensemble forecasting",
  author  = "Leutbecher, M and Palmer, T N",
  journal = "Journal of computational physics",
  volume  =  227,
  number  =  7,
  pages   = "3515--3539",
  month   =  mar,
  year    =  2008,
  url     = "https://www.sciencedirect.com/science/article/pii/S0021999107000812",
  issn    = "0021-9991, 1090-2716",
  doi     = "10.1016/j.jcp.2007.02.014"
}

@ARTICLE{Elliott2004-dz,
  title     = "Optimal forecast combinations under general loss functions and
               forecast error distributions",
  author    = "Elliott, Graham and Timmermann, Allan",
  journal   = "Journal of econometrics",
  publisher = "Elsevier BV",
  volume    =  122,
  number    =  1,
  pages     = "47--79",
  month     =  sep,
  year      =  2004,
  url       = "https://linkinghub.elsevier.com/retrieve/pii/S0304407603002690",
  language  = "en",
  issn      = "0304-4076, 1872-6895",
  doi       = "10.1016/j.jeconom.2003.10.019"
}

@ARTICLE{Granger1984-na,
  title     = "Improved methods of combining forecasts",
  author    = "Granger, Clive W J and Ramanathan, Ramu",
  journal   = "Journal of forecasting",
  publisher = "Wiley",
  volume    =  3,
  number    =  2,
  pages     = "197--204",
  month     =  apr,
  year      =  1984,
  url       = "http://doi.wiley.com/10.1002/for.3980030207",
  language  = "en",
  issn      = "0277-6693, 1099-131X",
  doi       = "10.1002/for.3980030207"
}

@ARTICLE{J1984-fe,
  title   = "Improved Methods of Combining Forecasts",
  author  = "J., W",
  journal = "Journal of forecasting",
  volume  =  3,
  pages   = "197--204",
  year    =  1984,
  issn    = "0277-6693"
}

@ARTICLE{Granger1989-zr,
  title     = "Invited review combining forecasts---twenty years later",
  author    = "Granger, C W J",
  journal   = "Journal of forecasting",
  publisher = "Wiley",
  volume    =  8,
  number    =  3,
  pages     = "167--173",
  month     =  jul,
  year      =  1989,
  url       = "http://doi.wiley.com/10.1002/for.3980080303",
  language  = "en",
  issn      = "0277-6693, 1099-131X",
  doi       = "10.1002/for.3980080303"
}

@ARTICLE{Granger1989-gv,
  title     = "Invited review combining forecasts---twenty years later",
  author    = "Granger, C W J",
  journal   = "Journal of forecasting",
  publisher = "Wiley",
  volume    =  8,
  number    =  3,
  pages     = "167--173",
  month     =  jul,
  year      =  1989,
  url       = "http://doi.wiley.com/10.1002/for.3980080303",
  language  = "en",
  issn      = "0277-6693, 1099-131X",
  doi       = "10.1002/for.3980080303"
}

@ARTICLE{Goncalves2011-uj,
  title     = "Discussion: Bootstrap methods for dependent data: A review",
  author    = "Gon{\c c}alves, S{\'\i}lvia and Politis, Dimitris",
  journal   = "Journal of the Korean Statistical Society",
  publisher = "Elsevier B.V.",
  volume    =  40,
  number    =  4,
  pages     = "383--386",
  month     =  dec,
  year      =  2011,
  url       = "https://www.sciencedirect.com/science/article/pii/S1226319211000664",
  issn      = "1226-3192",
  doi       = "10.1016/j.jkss.2011.07.003"
}

@INPROCEEDINGS{Oliveira2015-rn,
  title     = "Ensembles for Time Series Forecasting",
  booktitle = "Proceedings of the Sixth Asian Conference on Machine Learning",
  author    = "Oliveira, Mariana and Torgo, Luis",
  editor    = "Phung, Dinh and Li, Hang",
  publisher = "PMLR",
  volume    =  39,
  pages     = "360--370",
  series    = "Proceedings of Machine Learning Research",
  year      =  2015,
  url       = "http://proceedings.mlr.press/v39/oliveira14.html",
  address   = "Nha Trang City, Vietnam",
  issn      = "1532-4435, 1533-7928"
}

@ARTICLE{Zhang2001-du,
  title     = "Time series forecasting with neural network ensembles: an
               application for exchange rate prediction",
  author    = "Zhang, G P and Berardi, V L",
  journal   = "The Journal of the Operational Research Society",
  publisher = "Taylor \& Francis",
  volume    =  52,
  number    =  6,
  pages     = "652--664",
  month     =  jun,
  year      =  2001,
  url       = "https://doi.org/10.1057/palgrave.jors.2601133",
  issn      = "0160-5682, 1476-9360",
  doi       = "10.1057/palgrave.jors.2601133"
}

@ARTICLE{Bates1969-yj,
  title     = "The combination of forecasts",
  author    = "Bates, J M and Granger, C W J",
  journal   = "The Journal of the Operational Research Society",
  publisher = "Informa UK Limited",
  volume    =  20,
  number    =  4,
  pages     = "451--468",
  month     =  dec,
  year      =  1969,
  url       = "https://www.tandfonline.com/doi/full/10.1057/jors.1969.103",
  issn      = "0160-5682, 1476-9360",
  doi       = "10.1057/jors.1969.103"
}

@ARTICLE{Newbold1974-lp,
  title     = "Experience with forecasting univariate time series and the combination of forecasts",
  author    = "Newbold, P and Granger, C W J",
  journal   = "Journal of the Royal Statistical Society. Series A",
  publisher = "JSTOR",
  volume    =  137,
  number    =  2,
  pages     = "131",
  year      =  1974,
  url       = "https://www.jstor.org/stable/2344546?origin=crossref",
  issn      = "0035-9238, 2397-2327",
  doi       = "10.2307/2344546"
}

@ARTICLE{Winkler1983-ra,
  title     = "The combination of forecasts",
  author    = "Winkler, Robert L and Makridakis, Spyros",
  journal   = "Journal of the Royal Statistical Society. Series A",
  publisher = "JSTOR",
  volume    =  146,
  number    =  2,
  pages     = "150",
  year      =  1983,
  url       = "https://www.jstor.org/stable/10.2307/2982011?origin=crossref",
  issn      = "0035-9238, 2397-2327",
  doi       = "10.2307/2982011"
}

@ARTICLE{Barnard1963-xa,
  title     = "New methods of quality control",
  author    = "Barnard, G A",
  journal   = "Journal of the Royal Statistical Society. Series A",
  publisher = "JSTOR",
  volume    =  126,
  number    =  2,
  pages     = "255",
  year      =  1963,
  url       = "https://www.jstor.org/stable/10.2307/2982365?origin=crossref",
  issn      = "0035-9238, 2397-2327",
  doi       = "10.2307/2982365"
}

@ARTICLE{Ranjan2010-jl,
  title     = "Combining probability forecasts",
  author    = "Ranjan, Roopesh and Gneiting, Tilmann",
  journal   = "Journal of the Royal Statistical Society. Series B, Statistical
               methodology",
  publisher = "Wiley",
  volume    =  72,
  number    =  1,
  pages     = "71--91",
  month     =  jan,
  year      =  2010,
  url       = "http://doi.wiley.com/10.1111/j.1467-9868.2009.00726.x",
  language  = "en",
  issn      = "1369-7412, 1467-9868",
  doi       = "10.1111/j.1467-9868.2009.00726.x"
}

@ARTICLE{Jiang2017-ck,
  title     = "Short-term wind power forecasting using hybrid method based on
               enhanced boosting algorithm",
  author    = "Jiang, Yu and Chen, Xingying and Yu, Kun and Liao, Yingchen",
  journal   = "Journal of Modern Power Systems and Clean Energy",
  publisher = "Springer Berlin Heidelberg",
  volume    =  5,
  number    =  1,
  pages     = "126--133",
  month     =  jan,
  year      =  2017,
  url       = "https://doi.org/10.1007/s40565-015-0171-6",
  issn      = "2196-5420",
  doi       = "10.1007/s40565-015-0171-6"
}

@ARTICLE{Bunn1981-lk,
  title   = "Two Methodologies for the Linear Combination of Forecasts",
  author  = "Bunn, Derek W",
  journal = "The Journal of the Operational Research Society",
  volume  =  32,
  number  =  3,
  pages   = "213--222",
  month   =  mar,
  year    =  1981,
  url     = "https://doi.org/10.1057/jors.1981.44",
  issn    = "0160-5682, 1476-9360",
  doi     = "10.1057/jors.1981.44"
}

@INPROCEEDINGS{Cerqueira2017-lv,
  title     = "Arbitrated Ensemble for Time Series Forecasting",
  booktitle = "Machine Learning and Knowledge Discovery in Databases",
  author    = "Cerqueira, V{\'\i}tor and Torgo, Lu{\'\i}s and Pinto, F{\'a}bio
               and Soares, Carlos",
  publisher = "Springer International Publishing",
  volume    = "10535 LNAI",
  pages     = "478--494",
  year      =  2017,
  issn      = "0302-9743, 1611-3349",
  doi       = "10.1007/978-3-319-71246-8\_29"
}

@ARTICLE{Collopy1992-ey,
  title     = "Rule-based forecasting: {Development} and validation of an
               expert systems approach to combining time series extrapolations",
  author    = "Collopy, Fred and Armstrong, J Scott",
  journal   = "Management science",
  publisher = "Institute for Operations Research and the Management Sciences
               (INFORMS)",
  volume    =  38,
  number    =  10,
  pages     = "1394--1414",
  month     =  oct,
  year      =  1992,
  url       = "http://pubsonline.informs.org/doi/abs/10.1287/mnsc.38.10.1394",
  issn      = "0025-1909, 1526-5501",
  doi       = "10.1287/mnsc.38.10.1394"
}

@ARTICLE{Lichtendahl2013-tk,
  title     = "Is It Better to Average Probabilities or Quantiles?",
  author    = "Lichtendahl, Kenneth C and Grushka-Cockayne, Yael and Winkler,
               Robert L",
  journal   = "Management science",
  publisher = "INFORMS",
  volume    =  59,
  number    =  7,
  pages     = "1594--1611",
  month     =  jul,
  year      =  2013,
  url       = "https://doi.org/10.1287/mnsc.1120.1667",
  issn      = "0025-1909",
  doi       = "10.1287/mnsc.1120.1667"
}

@ARTICLE{Grushka-Cockayne2017-dj,
  title     = "Ensembles of Overfit and Overconfident Forecasts",
  author    = "Grushka-Cockayne, Yael and Jose, Victor Richmond R and
               Lichtendahl, Kenneth C",
  journal   = "Management science",
  publisher = "INFORMS",
  volume    =  63,
  number    =  4,
  pages     = "1110--1130",
  month     =  apr,
  year      =  2017,
  url       = "https://doi.org/10.1287/mnsc.2015.2389",
  issn      = "0025-1909",
  doi       = "10.1287/mnsc.2015.2389"
}

@ARTICLE{Gneiting2005-ua,
  title     = "Calibrated Probabilistic Forecasting Using Ensemble Model Output
               Statistics and Minimum {CRPS} Estimation",
  author    = "Gneiting, Tilmann and Raftery, Adrian E and Westveld, Anton H
               and Goldman, Tom",
  journal   = "Monthly Weather Review",
  publisher = "American Meteorological Society",
  volume    =  133,
  number    =  5,
  pages     = "1098--1118",
  month     =  may,
  year      =  2005,
  url       = "https://journals.ametsoc.org/mwr/article/133/5/1098/67504",
  issn      = "0027-0644",
  doi       = "10.1175/MWR2904.1"
}

@ARTICLE{Lewis2005-hu,
  title     = "Roots of ensemble forecasting",
  author    = "Lewis, John M",
  journal   = "Monthly Weather Review",
  publisher = "American Meteorological Society",
  volume    =  133,
  number    =  7,
  pages     = "1865--1885",
  month     =  jul,
  year      =  2005,
  url       = "http://journals.ametsoc.org/doi/10.1175/MWR2949.1",
  language  = "en",
  issn      = "0027-0644, 1520-0493",
  doi       = "10.1175/mwr2949.1"
}

@ARTICLE{Raftery2005-vu,
  title     = "Using Bayesian model averaging to calibrate forecast ensembles",
  author    = "Raftery, Adrian E and Gneiting, Tilmann and Balabdaoui, Fadoua
               and Polakowski, Michael",
  journal   = "Monthly Weather Review",
  publisher = "American Meteorological Society",
  volume    =  133,
  number    =  5,
  pages     = "1155--1174",
  month     =  may,
  year      =  2005,
  url       = "http://journals.ametsoc.org/doi/10.1175/MWR2906.1",
  language  = "en",
  issn      = "0027-0644, 1520-0493",
  doi       = "10.1175/mwr2906.1"
}

@ARTICLE{Maqsood2004-pe,
  title   = "An ensemble of neural networks for weather forecasting",
  author  = "Maqsood, Imran and Khan, Muhammad Riaz and Abraham, Ajith",
  journal = "Neural computing \& applications",
  volume  =  13,
  number  =  2,
  pages   = "112--122",
  month   =  jun,
  year    =  2004,
  url     = "https://doi.org/10.1007/s00521-004-0413-4",
  issn    = "0941-0643, 1433-3058",
  doi     = "10.1007/s00521-004-0413-4"
}

@INPROCEEDINGS{Barrow2013-nl,
  title     = "Crogging (cross-validation aggregation) for forecasting --- A
               novel algorithm of neural network ensembles on time series
               subsamples",
  booktitle = "The 2013 International Joint Conference on Neural Networks
               ({IJCNN})",
  author    = "Barrow, D K and Crone, S F",
  publisher = "ieeexplore.ieee.org",
  pages     = "1--8",
  month     =  aug,
  year      =  2013,
  url       = "http://dx.doi.org/10.1109/IJCNN.2013.6706740",
  issn      = "2161-4407",
  doi       = "10.1109/IJCNN.2013.6706740"
}

@ARTICLE{Che2015-zr,
  title     = "Optimal sub-models selection algorithm for combination
               forecasting model",
  author    = "Che, Jinxing",
  journal   = "Neurocomputing",
  publisher = "Elsevier",
  volume    =  151,
  number    = "P1",
  pages     = "364--375",
  month     =  mar,
  year      =  2015,
  url       = "https://www.sciencedirect.com/science/article/pii/S0925231214012119",
  issn      = "0925-2312, 1872-8286",
  doi       = "10.1016/j.neucom.2014.09.028"
}

@ARTICLE{Lemke2010-wn,
  title     = "Meta-learning for time series forecasting and forecast combination",
  author    = "Lemke, Christiane and Gabrys, Bogdan",
  journal   = "Neurocomputing",
  publisher = "Elsevier",
  volume    =  73,
  number    =  10,
  pages     = "2006--2016",
  month     =  jun,
  year      =  2010,
  url       = "https://www.sciencedirect.com/science/article/pii/S0925231210001074",
  issn      = "0925-2312",
  doi       = "10.1016/j.neucom.2009.09.020"
}

@ARTICLE{Moretti2015-va,
  title     = "Urban traffic flow forecasting through statistical and neural
               network bagging ensemble hybrid modeling",
  author    = "Moretti, Fabio and Pizzuti, Stefano and Panzieri, Stefano and
               Annunziato, Mauro",
  journal   = "Neurocomputing",
  publisher = "Elsevier",
  volume    =  167,
  pages     = "3--7",
  month     =  nov,
  year      =  2015,
  url       = "https://www.sciencedirect.com/science/article/pii/S0925231215005603",
  issn      = "0925-2312, 1872-8286",
  doi       = "10.1016/j.neucom.2014.08.100"
}

@ARTICLE{Donate2013-em,
  title   = "Time series forecasting using a weighted cross-validation
             evolutionary artificial neural network ensemble",
  author  = "Donate, Juan Peralta and Cortez, Paulo and S{\'a}nchez, Germ{\'a}n
             Guti{\'e}rrez and de Miguel, Araceli Sanchis",
  journal = "Neurocomputing",
  volume  =  109,
  pages   = "27--32",
  month   =  jun,
  year    =  2013,
  url     = "https://www.sciencedirect.com/science/article/pii/S0925231213000209",
  issn    = "0925-2312",
  doi     = "10.1016/j.neucom.2012.02.053"
}

@ARTICLE{Dickinson1975-uo,
  title     = "Some comments on the combination of forecasts",
  author    = "Dickinson, J P",
  journal   = "Operational research quarterly",
  publisher = "JSTOR",
  volume    =  26,
  number    =  1,
  pages     = "205",
  month     =  apr,
  year      =  1975,
  url       = "https://www.jstor.org/stable/3008402?origin=crossref",
  issn      = "0030-3623, 2397-5334",
  doi       = "10.2307/3008402"
}

@ARTICLE{Dickinson1973-ss,
  title     = "Some statistical results in the combination of forecasts",
  author    = "Dickinson, J P",
  journal   = "Operational research quarterly",
  publisher = "JSTOR",
  volume    =  24,
  number    =  2,
  pages     = "253",
  month     =  jun,
  year      =  1973,
  url       = "https://www.jstor.org/stable/3007853?origin=crossref",
  issn      = "0030-3623, 2397-5334",
  doi       = "10.2307/3007853"
}

@ARTICLE{Bunn1975-mg,
  title     = "A Bayesian approach to the linear combination of forecasts",
  author    = "Bunn, D W",
  journal   = "Operational research quarterly",
  publisher = "JSTOR",
  volume    =  26,
  number    =  2,
  pages     = "325",
  month     =  jun,
  year      =  1975,
  url       = "https://www.jstor.org/stable/3008467?origin=crossref",
  issn      = "0030-3623, 2397-5334",
  doi       = "10.2307/3008467"
}

@ARTICLE{Smith2009-wd,
  title     = "A simple explanation of the forecast combination puzzle",
  author    = "Smith, Jeremy and Wallis, Kenneth F",
  journal   = "Oxford bulletin of economics and statistics",
  publisher = "Wiley",
  volume    =  71,
  number    =  3,
  pages     = "331--355",
  month     =  jun,
  year      =  2009,
  url       = "http://doi.wiley.com/10.1111/j.1468-0084.2008.00541.x",
  language  = "en",
  issn      = "0305-9049, 1468-0084",
  doi       = "10.1111/j.1468-0084.2008.00541.x"
}

@ARTICLE{Prudencio2004-ze,
  title   = "Using Machine Learning Techniques to Combine Forecasting Methods",
  author  = "Prud{\^e}ncio, Ricardo and Ludermir, Teresa",
  journal = "Planning perspectives: PP",
  volume  =  1122,
  pages   = "1127",
  year    =  2004,
  issn    = "0266-5433"
}

@ARTICLE{Thorey2017-xe,
  title     = "Online learning with the Continuous Ranked Probability Score for
               ensemble forecasting: Ensemble Online Learning",
  author    = "Thorey, J and Mallet, V and Baudin, P",
  journal   = "Quarterly Journal of the Royal Meteorological Society",
  publisher = "Wiley",
  volume    =  143,
  number    =  702,
  pages     = "521--529",
  month     =  jan,
  year      =  2017,
  url       = "https://onlinelibrary.wiley.com/doi/10.1002/qj.2940",
  copyright = "http://onlinelibrary.wiley.com/termsAndConditions\#vor",
  language  = "en",
  issn      = "0035-9009, 1477-870X",
  doi       = "10.1002/qj.2940"
}

@ARTICLE{Weigel2008-vy,
  title     = "Can multi-model combination really enhance the prediction skill
               of probabilistic ensemble forecasts?",
  author    = "Weigel, A P and Liniger, M A and Appenzeller, C",
  journal   = "Quarterly Journal of the Royal Meteorological Society",
  publisher = "Wiley",
  volume    =  134,
  number    =  630,
  pages     = "241--260",
  month     =  jan,
  year      =  2008,
  url       = "http://doi.wiley.com/10.1002/qj.210",
  language  = "en",
  issn      = "0035-9009, 1477-870X",
  doi       = "10.1002/qj.210"
}

@ARTICLE{Weiss2019-ir,
  title     = "Forecast Combinations in {R} using the {ForecastComb} Package",
  author    = "Weiss, Christoph,e and Raviv, Eran and Roetzer, Gernot",
  journal   = "The R journal",
  publisher = "The R Foundation",
  volume    =  10,
  number    =  2,
  pages     = "262",
  year      =  2019,
  url       = "https://journal.r-project.org/archive/2018/RJ-2018-052/index.html",
  language  = "en",
  issn      = "2073-4859",
  doi       = "10.32614/rj-2018-052"
}

@ARTICLE{Cordeiro2009-wt,
  title     = "Forecasting time series with {BOOT.EXPOS} procedure",
  author    = "Cordeiro, C and Neves, M",
  journal   = "REVSTAT-Statistical Journal",
  publisher = "researchgate.net",
  volume    =  7,
  number    =  2,
  pages     = "135--149",
  year      =  2009
}

@ARTICLE{Gneiting2005-yn,
  title    = "Atmospheric science. Weather forecasting with ensemble methods",
  author   = "Gneiting, Tilmann and Raftery, Adrian E",
  journal  = "Science",
  volume   =  310,
  number   =  5746,
  pages    = "248--249",
  month    =  oct,
  year     =  2005,
  url      = "http://dx.doi.org/10.1126/science.1115255",
  language = "en",
  issn     = "0036-8075, 1095-9203",
  pmid     = "16224011",
  doi      = "10.1126/science.1115255"
}

@UNPUBLISHED{Hendry2010-ya,
  title  = "Combining disaggregate forecasts or combining disaggregate
            information to forecast an aggregate",
  author = "Hendry, David F and Hubrich, Kirstin",
  year   =  2010
}

@ARTICLE{Chan1999-io,
  title   = "A dynamic factor model framework for forecast combination",
  author  = "Chan, Yeung Lewis and Stock, James H and Watson, Mark W",
  journal = "Spanish Economic Review",
  volume  =  1,
  number  =  2,
  pages   = "91--121",
  month   =  jul,
  year    =  1999,
  url     = "https://doi.org/10.1007/s101080050005",
  issn    = "1435-5469",
  doi     = "10.1007/s101080050005"
}

@ARTICLE{Genest1986-zl,
  title     = "Combining Probability Distributions: A Critique and an Annotated
               Bibliography",
  author    = "Genest, Christian and Zidek, James V",
  journal   = "Schweizerische Monatsschrift fur Zahnheilkunde = Revue mensuelle
               suisse d'odonto-stomatologie / SSO",
  publisher = "Institute of Mathematical Statistics",
  volume    =  1,
  number    =  1,
  pages     = "114--135",
  month     =  feb,
  year      =  1986,
  url       = "https://projecteuclid.org/euclid.ss/1177013825",
  language  = "en",
  issn      = "0036-7702",
  doi       = "10.1214/ss/1177013825"
}

@ARTICLE{Kang2020-rl,
  title     = "{{GRATIS}}: {GeneRAting} {TIme} {Series} with diverse and
               controllable characteristics",
  author    = "Kang, Yanfei and Hyndman, Rob J and Li, Feng",
  journal   = "Statistical analysis and data mining",
  publisher = "Wiley",
  volume    =  13,
  number    =  4,
  pages     = "354--376",
  month     =  aug,
  year      =  2020,
  url       = "https://onlinelibrary.wiley.com/doi/abs/10.1002/sam.11461",
  copyright = "http://onlinelibrary.wiley.com/termsAndConditions\#vor",
  language  = "en",
  issn      = "1932-1864, 1932-1872",
  doi       = "10.1002/sam.11461"
}

@ARTICLE{Hoeting1999-nr,
  title     = "Bayesian Model Averaging: A Tutorial",
  author    = "Hoeting, Jennifer A and Madigan, David and Raftery, Adrian E and
               Volinsky, Chris T",
  journal   = "Statistical science: a review journal of the Institute of
               Mathematical Statistics",
  publisher = "Institute of Mathematical Statistics",
  volume    =  14,
  number    =  4,
  pages     = "382--401",
  year      =  1999,
  url       = "http://www.jstor.org/stable/2676803",
  issn      = "0883-4237"
}

@ARTICLE{Brcker2008-fr,
  title     = "From ensemble forecasts to predictive distribution functions",
  author    = "Brcker, Jochen and Smith, Leonard A",
  journal   = "Tellus A Dynamic Meteorology and Oceanography",
  publisher = "Informa UK Limited",
  volume    =  60,
  number    =  4,
  pages     = "663--678",
  month     =  aug,
  year      =  2008,
  url       = "http://tellusa.net/index.php/tellusa/article/view/15387",
  language  = "en",
  issn      = "0280-6495, 1600-0870",
  doi       = "10.1111/j.1600-0870.2008.00333.x"
}

@ARTICLE{Sivillo1997-xm,
  title     = "An Ensemble Forecasting Primer",
  author    = "Sivillo, Joel K and Ahlquist, Jon E and Toth, Zoltan",
  journal   = "Weather and Forecasting",
  publisher = "American Meteorological Society",
  volume    =  12,
  number    =  4,
  pages     = "809--818",
  month     =  dec,
  year      =  1997,
  language  = "en",
  issn      = "0882-8156, 1520-0434",
  doi       = "10.1175/1520-0434(1997)012<0809:AEFP>2.0.CO;2"
}

@ARTICLE{Chen2017-ev,
  title     = "Combination of Multimodel Probabilistic Forecasts Using an
               Optimal Weighting System",
  author    = "Chen, Li-Chuan Gwen and van den Dool, Huug",
  journal   = "Weather and Forecasting",
  publisher = "American Meteorological Society",
  volume    =  32,
  number    =  5,
  pages     = "1967--1987",
  month     =  oct,
  year      =  2017,
  language  = "en",
  issn      = "0882-8156, 1520-0434",
  doi       = "10.1175/WAF-D-17-0074.1"
}

@ARTICLE{Pinson2009-ul,
  title     = "Ensemble-based probabilistic forecasting at Horns Rev",
  author    = "Pinson, Pierre and Madsen, Henrik",
  journal   = "Wind Energy",
  publisher = "Wiley",
  volume    =  12,
  number    =  2,
  pages     = "137--155",
  month     =  mar,
  year      =  2009,
  url       = "http://doi.wiley.com/10.1002/we.309",
  language  = "en",
  issn      = "1095-4244, 1099-1824",
  doi       = "10.1002/we.309"
}

@INCOLLECTION{Timmermann2006-en,
  title     = "Chapter 4 Forecast Combinations",
  booktitle = "Handbook of Economic Forecasting",
  author    = "Timmermann, Allan",
  editor    = "Elliott, G and Granger, C W J and Timmermann, A",
  publisher = "Elsevier",
  volume    =  1,
  pages     = "135--196",
  month     =  jan,
  year      =  2006,
  url       = "https://www.sciencedirect.com/science/article/pii/S1574070605010049",
  doi       = "10.1016/S1574-0706(05)01004-9"
}

@TECHREPORT{Nowotarski2016-nc,
  title     = "To combine or not to combine? Recent trends in electricity price
               forecasting",
  author    = "Nowotarski, Jakub and Weron, Rafal",
  publisher = "Hugo Steinhaus Center, Wroclaw University of Technology",
  number    = "HSC/16/01",
  month     =  jan,
  year      =  2016,
  url       = "https://ideas.repec.org/p/wuu/wpaper/hsc1601.html"
}

@INPROCEEDINGS{Taieb2014-yp,
  title     = "Boosting multi-step autoregressive forecasts",
  booktitle = "Proceedings of the 31st International Conference on Machine
               Learning",
  author    = "Taieb, Souhaib Ben and Hyndman, Rob",
  editor    = "Xing, Eric P and Jebara, Tony",
  publisher = "PMLR",
  volume    =  32,
  pages     = "109--117",
  series    = "Proceedings of Machine Learning Research",
  year      =  2014,
  url       = "http://proceedings.mlr.press/v32/taieb14.html",
  address   = "Bejing, China",
  isbn      = "9781634393973"
}

@INPROCEEDINGS{Taieb2014-vb,
  title       = "Boosting multi-step autoregressive forecasts",
  booktitle   = "Proceedings of the 31st International Conference on Machine
                 Learning",
  author      = "Taieb, Souhaib Ben and Hyndman, Rob",
  editor      = "Xing, Eric P and Jebara, Tony",
  publisher   = "PMLR",
  volume      =  32,
  pages       = "109--117",
  series      = "Proceedings of Machine Learning Research",
  institution = "PMLR",
  year        =  2014,
  url         = "http://proceedings.mlr.press/v32/taieb14.html",
  address     = "Bejing, China"
}

@ARTICLE{Ranjan2009-dk,
  title     = "Combining and evaluating probabilistic forecasts",
  author    = "Ranjan, R",
  publisher = "researchgate.net",
  year      =  2009
}

@BOOK{Berk2010-ks,
  title     = "Statistical learning from a regression perspective",
  author    = "Berk, Richard A",
  publisher = "Springer",
  pages     = "1--656",
  series    = "Springer Series in Statistics",
  month     =  nov,
  year      =  2010,
  address   = "New York, NY",
  language  = "en",
  issn      = "0172-7397",
  isbn      = "9780387775005"
}

@INPROCEEDINGS{Prudencio2005-wj,
  title       = "Using Machine Learning Techniques to Combine Forecasting
                 Methods",
  booktitle   = "{AI} 2004: Advances in Artificial Intelligence",
  author      = "Prud{\^e}ncio, Ricardo and Ludermir, Teresa",
  publisher   = "Springer Berlin Heidelberg",
  pages       = "1122--1127",
  institution = "Springer",
  year        =  2005,
  doi         = "10.1007/978-3-540-30549-1\_111"
}

@TECHREPORT{Trenkler1998-ic,
  title       = "Combination of forecasts: a bibliography",
  author      = "Trenkler, G{\"o}tz and Gotu, Butte",
  institution = "Technical Report",
  year        =  1998
}

@PHDTHESIS{Weiss2018-kq,
  title     = "Essays in Hierarchical Time Series Forecasting and Forecast
               Combination",
  author    = "Weiss, Christoph",
  publisher = "University of Cambridge",
  month     =  may,
  year      =  2018,
  url       = "https://www.repository.cam.ac.uk/handle/1810/274757",
  language  = "en",
  doi       = "10.17863/CAM.21895"
}

@UNPUBLISHED{Diebold2017-bw,
  title    = "Beating the Simple Average: Egalitarian {LASSO} for Combining
              Economic Forecasts",
  author   = "Diebold, Francis X and Shin, Minchul",
  month    =  aug,
  year     =  2017,
  url      = "https://papers.ssrn.com/abstract=3032492",
  doi      = "10.2139/ssrn.3032492"
}

@UNPUBLISHED{Radchenko2020-sm,
  title  = "Too Similar to Combine? On Negative Weights in Forecast Combination",
  author = "Radchenko, Peter and Vasnev, Andrey L and Wang, Wendun",
  month  =  jul,
  year   =  2020,
  url    = "https://papers.ssrn.com/abstract=3647603"
}

@UNPUBLISHED{Kootale2007-ll,
  title  = "Combining Forecasts in Hierarchically Organized Data",
  author = "Kootale, Krishnadas C and Road, Parsippany",
  year   =  2007
}

@MISC{Svensson_undated-mr,
  title        = "Rank-based selection strategies for forecast combinations: An
                  evaluation study",
  author       = "Svensson, Magnus",
  howpublished = "\url{http://lup.lub.lu.se/luur/download?func=downloadFile&recordOId=8974226&fileOId=8974925}",
  note         = "Accessed: 2021-3-7"
}

@UNPUBLISHED{Gaglianone2012-su,
  title  = "Constructing Optimal Density Forecasts from Point Forecast
            Combinations",
  author = "Gaglianone, Wagner Piazza and Renato, Luiz",
  year   =  2012
}

@ARTICLE{Kourentzes_undated-cj,
  title  = "Beyond summary performance metrics for forecast selection and
            combination",
  author = "Kourentzes, Nikolaos and Svetunkov, Ivan and Kolassa, Stephan"
}

@TECHREPORT{Park2015-bh,
  title  = "Aggregating multiple probability intervals to improve calibration",
  author = "Park, Saemi and Budescu, David V",
  volume =  10,
  pages  = "130--143",
  year   =  2015,
  url    = "https://www.sas.upenn.edu/~baron/journal/14/141223/jdm141223.pdf"
}

@ARTICLE{Thesis2015-pq,
  title  = "Benchmarking of Classical and {Machine-Learning} Algorithms (with
            special emphasis on Bagging and Boosting Approaches) for Time
            Series Forecasting",
  author = "Thesis, Master and Pritzsche, Uwe",
  year   =  2015
}
