@ARTICLE{Barnard1963-xa,
  title     = "New methods of quality control",
  author    = "Barnard, G A",
  journal   = "Journal of the Royal Statistical Society. Series A",
  publisher = "JSTOR",
  volume    =  126,
  number    =  2,
  pages     = "255",
  year      =  1963,
  issn      = "0035-9238, 2397-2327",
  doi       = "10.2307/2982365"
}

@ARTICLE{Bates1969-yj,
  title     = "The combination of forecasts",
  author    = "Bates, J M and Granger, C W J",
  journal   = "The Journal of the Operational Research Society",
  publisher = "Informa UK Limited",
  volume    =  20,
  number    =  4,
  pages     = "451--468",
  month     =  dec,
  year      =  1969,
  issn      = "0160-5682, 1476-9360",
  doi       = "10.1057/jors.1969.103"
}

@ARTICLE{Leutbecher2008-mc,
  title   = "Ensemble forecasting",
  author  = "Leutbecher, M and Palmer, T N",
  journal = "Journal of Computational Physics",
  volume  =  227,
  number  =  7,
  pages   = "3515--3539",
  month   =  mar,
  year    =  2008,
  issn    = "0021-9991, 1090-2716",
  doi     = "10.1016/j.jcp.2007.02.014"
}

@ARTICLE{Lewis2005-hu,
  title     = "Roots of ensemble forecasting",
  author    = "Lewis, John M",
  journal   = "Monthly Weather Review",
  publisher = "American Meteorological Society",
  volume    =  133,
  number    =  7,
  pages     = "1865--1885",
  month     =  jul,
  year      =  2005,
  issn      = "0027-0644, 1520-0493",
  doi       = "10.1175/mwr2949.1"
}

@ARTICLE{Clemen1989-fb,
  title     = "Combining forecasts: {A} review and annotated bibliography",
  author    = "Clemen, Robert T",
  journal   = "International Journal of Forecasting",
  publisher = "Elsevier BV",
  volume    =  5,
  number    =  4,
  pages     = "559--583",
  month     =  jan,
  year      =  1989,
  issn      = "0169-2070, 1872-8200",
  doi       = "10.1016/0169-2070(89)90012-5"
}

@INCOLLECTION{Timmermann2006-en,
  title     = "Chapter 4 Forecast Combinations",
  booktitle = "Handbook of Economic Forecasting",
  author    = "Timmermann, Allan",
  editor    = "Elliott, G and Granger, C W J and Timmermann, A",
  publisher = "Elsevier",
  volume    =  1,
  pages     = "135--196",
  month     =  jan,
  year      =  2006,
  doi       = "10.1016/S1574-0706(05)01004-9"
}


@ARTICLE{Bunn1985-vo,
  title     = "Statistical efficiency in the linear combination of forecasts",
  author    = "Bunn, Derek W",
  journal   = "International Journal of Forecasting",
  publisher = "Elsevier",
  volume    =  1,
  number    =  2,
  pages     = "151--163",
  month     =  jan,
  year      =  1985,
  issn      = "0169-2070",
  doi       = "10.1016/0169-2070(85)90020-2"
}


@ARTICLE{Clemen1986-pd,
  title     = "Combining Economic Forecasts",
  author    = "Clemen, Robert T and Winkler, Robert L",
  journal   = "Journal of Business \& Economic Statistics",
  publisher = "Taylor \& Francis",
  volume    =  4,
  number    =  1,
  pages     = "39--46",
  month     =  jan,
  year      =  1986,
  issn      = "0735-0015",
  doi       = "10.1080/07350015.1986.10509492"
}


@UNPUBLISHED{Stock2003-sp,
  title    = "How Did Leading Indicator Forecasts Perform during the 2001
              Recession?",
  author   = "Stock, James H and Watson, Mark W",
  journal  = "FRB Richmond Economic Quarterly",
  year     =  2003
}

@ARTICLE{Palm1992-im,
  title     = "To combine or not to combine? issues of combining forecasts",
  author    = "Palm, Franz C and Zellner, Arnold",
  journal   = "Journal of Forecasting",
  publisher = "Wiley",
  volume    =  11,
  number    =  8,
  pages     = "687--701",
  month     =  dec,
  year      =  1992,
  issn      = "0277-6693, 1099-131X",
  doi       = "10.1002/for.3980110806"
}

@ARTICLE{Stock2004-rq,
  title     = "Combination forecasts of output growth in a seven-country data set",
  author    = "Stock, James H and Watson, Mark W",
  journal   = "Journal of forecasting",
  publisher = "Wiley",
  volume    =  23,
  number    =  6,
  pages     = "405--430",
  month     =  sep,
  year      =  2004,
  issn      = "0277-6693, 1099-131X",
  doi       = "10.1002/for.928"
}

@ARTICLE{Smith2009-wd,
  title     = "A simple explanation of the forecast combination puzzle",
  author    = "Smith, Jeremy and Wallis, Kenneth F",
  journal   = "Oxford Bulletin of Economics and Statistics",
  publisher = "Wiley",
  volume    =  71,
  number    =  3,
  pages     = "331--355",
  month     =  jun,
  year      =  2009,
  issn      = "0305-9049, 1468-0084",
  doi       = "10.1111/j.1468-0084.2008.00541.x"
}

@ARTICLE{Claeskens2016-pv,
  title   = "The forecast combination puzzle: A simple theoretical explanation",
  author  = "Claeskens, Gerda and Magnus, Jan R and Vasnev, Andrey L and Wang, Wendun",
  journal = "International Journal of Forecasting",
  volume  =  32,
  number  =  3,
  pages   = "754--762",
  month   =  jul,
  year    =  2016,
  issn    = "0169-2070",
  doi     = "10.1016/j.ijforecast.2015.12.005"
}


@ARTICLE{Chan1999-io,
  title   = "A dynamic factor model framework for forecast combination",
  author  = "Chan, Yeung Lewis and Stock, James H and Watson, Mark W",
  journal = "Spanish Economic Review",
  volume  =  1,
  number  =  2,
  pages   = "91--121",
  month   =  jul,
  year    =  1999,
  issn    = "1435-5469",
  doi     = "10.1007/s101080050005"
}

@ARTICLE{Genre2013-ut,
  title   = "Combining expert forecasts: Can anything beat the simple average?",
  author  = "Genre, V{\'e}ronique and Kenny, Geoff and Meyler, Aidan and Timmermann, Allan",
  journal = "International Journal of Forecasting",
  volume  =  29,
  number  =  1,
  pages   = "108--121",
  month   =  jan,
  year    =  2013,
  issn    = "0169-2070",
  doi     = "10.1016/j.ijforecast.2012.06.004"
}

@ARTICLE{Petropoulos2020-fp,
  title     = "A simple combination of univariate models",
  author    = "Petropoulos, Fotios and Svetunkov, Ivan",
  journal   = "International Journal of Forecasting",
  publisher = "Elsevier BV",
  volume    =  36,
  number    =  1,
  pages     = "110--115",
  month     =  jan,
  year      =  2020,
  issn      = "0169-2070, 1872-8200",
  doi       = "10.1016/j.ijforecast.2019.01.006"
}

@ARTICLE{Shaub2019-on,
  title     = "Fast and accurate yearly time series forecasting with forecast
               combinations",
  author    = "Shaub, David",
  journal   = "International Journal of Forecasting",
  publisher = "Elsevier",
  month     =  aug,
  year      =  2019,
  issn      = "0169-2070",
  doi       = "10.1016/j.ijforecast.2019.03.032"
}

@ARTICLE{Jose2008-vm,
  title     = "Simple robust averages of forecasts: Some empirical results",
  author    = "Jose, Victor Richmond R and Winkler, Robert L",
  journal   = "International Journal of Forecasting",
  publisher = "Elsevier",
  volume    =  24,
  number    =  1,
  pages     = "163--169",
  month     =  jan,
  year      =  2008,
  issn      = "0169-2070",
  doi       = "10.1016/j.ijforecast.2007.06.001"
}

@ARTICLE{Makridakis2020-hu,
  title   = "The {M4} Competition: 100,000 time series and 61 forecasting
             methods",
  author  = "Makridakis, Spyros and Spiliotis, Evangelos and Assimakopoulos, Vassilios",
  journal = "International Journal of Forecasting",
  volume  =  36,
  number  =  1,
  pages   = "54--74",
  month   =  jan,
  year    =  2020,
  issn    = "0169-2070",
  doi     = "10.1016/j.ijforecast.2019.04.014"
}

@ARTICLE{Makridakis2000-he,
  title     = "The {M3-Competition}: results, conclusions and implications",
  author    = "Makridakis, Spyros and Hibon, Mich{\`e}le",
  journal   = "International Journal of Forecasting",
  publisher = "Elsevier",
  volume    =  16,
  number    =  4,
  pages     = "451--476",
  month     =  oct,
  year      =  2000,
  issn      = "0169-2070",
  doi       = "10.1016/S0169-2070(00)00057-1"
}

@ARTICLE{Montero-Manso2020-tq,
  title     = "{FFORMA}: Feature-based forecast model averaging",
  author    = "Montero-Manso, Pablo and Athanasopoulos, George and Hyndman, Rob J and Talagala, Thiyanga S",
  journal   = "International Journal of Forecasting",
  publisher = "Elsevier B.V.",
  volume    =  36,
  number    =  1,
  pages     = "86--92",
  month     =  jan,
  year      =  2020,
  issn      = "0169-2070",
  doi       = "10.1016/j.ijforecast.2019.02.011"
}

@ARTICLE{Wang2021-un,
  title = "The uncertainty estimation of feature-based forecast combinations",
  author = "Wang, Xiaoqian and Kang, Yanfei and Petropoulos, Fotios and Li, Feng",
  year = "2021",
  month = jan,
  day = "18",
  language = "English",
  journal = "Journal of the Operational Research Society",
  issn = "0160-5682",
  publisher = "Palgrave Macmillan",
}

@ARTICLE{Kang2020-rl,
  title     = "{{GRATIS}}: {GeneRAting} {TIme} {Series} with diverse and
               controllable characteristics",
  author    = "Kang, Yanfei and Hyndman, Rob J and Li, Feng",
  journal   = "Statistical analysis and data mining",
  publisher = "Wiley",
  volume    =  13,
  number    =  4,
  pages     = "354--376",
  month     =  aug,
  year      =  2020,
  copyright = "http://onlinelibrary.wiley.com/termsAndConditions\#vor",
  language  = "en",
  issn      = "1932-1864, 1932-1872",
  doi       = "10.1002/sam.11461"
}

@ARTICLE{Lichtendahl2020-ut,
  title   = "Why do some combinations perform better than others?",
  author  = "Lichtendahl, Kenneth C and Winkler, Robert L",
  journal = "International Journal of Forecasting",
  volume  =  36,
  number  =  1,
  pages   = "142--149",
  month   =  jan,
  year    =  2020,
  url     = "https://www.sciencedirect.com/science/article/pii/S0169207019301475",
  issn    = "0169-2070",
  doi     = "10.1016/j.ijforecast.2019.03.027"
}







