@techreport{Aastveit2018-lf,
  title       = {The evolution of forecast density combinations in economics},
  author      = {Aastveit, Knut Are and Mitchell, James and Ravazzolo, Francesco and van Dijk, Herman K},
  publisher   = {Amsterdam and Rotterdam: Tinbergen Institute},
  number      = {TI 2018-069/III},
  institution = {Tinbergen Institute Discussion Paper},
  year        = 2018,
  language    = {en}
}

@inproceedings{Adhikari2012-ur,
  title        = {A novel weighted ensemble technique for time series forecasting},
  author       = {Adhikari, Ratnadip and Agrawal, RK},
  booktitle    = {Pacific-Asia Conference on Knowledge Discovery and Data Mining},
  pages        = {38--49},
  year         = {2012},
  organization = {Springer}
}

@article{Adhikari2015-bb,
  title     = {A mutual association based nonlinear ensemble mechanism for time series forecasting},
  author    = {Adhikari, Ratnadip},
  journal   = {Applied Intelligence},
  volume    = {43},
  number    = {2},
  pages     = {233--250},
  year      = {2015},
  publisher = {Springer},
  doi       = {10.1007/s10489-014-0641-y}
}

@article{Agnew1985-dj,
  title     = {Bayesian consensus forecasts of macroeconomic variables},
  author    = {Agnew, Carson E},
  journal   = {Journal of Forecasting},
  publisher = {Wiley},
  volume    = 4,
  number    = 4,
  pages     = {363--376},
  year      = 1985,
  issn      = {0277-6693, 1099-131X},
  doi       = {10.1002/for.3980040405}
}

@article{Aiolfi2006-rh,
  title     = {Persistence in forecasting performance and conditional combination strategies},
  author    = {Aiolfi, Marco and Timmermann, Allan},
  journal   = {Journal of Econometrics},
  publisher = {Elsevier},
  volume    = 135,
  number    = 1,
  pages     = {31--53},
  month     = nov,
  year      = 2006,
  issn      = {0304-4076},
  doi       = {10.1016/j.jeconom.2005.07.015}
}

@article{Akaike1974-ya,
  title     = {A new look at the statistical model identification},
  author    = {Akaike, H},
  journal   = {IEEE Transactions on Automatic Control},
  publisher = {ieeexplore.ieee.org},
  volume    = 19,
  number    = 6,
  pages     = {716--723},
  month     = dec,
  year      = 1974,
  issn      = {0018-9286, 1558-2523},
  doi       = {10.1109/TAC.1974.1100705}
}

@article{Aksu1992-lb,
  title     = {An empirical analysis of the accuracy of {SA}, {OLS}, {ERLS} and {NRLS} combination forecasts},
  author    = {Aksu, Celal and Gunter, Sevket I},
  journal   = {International Journal of Forecasting},
  publisher = {Elsevier},
  volume    = 8,
  number    = 1,
  pages     = {27--43},
  month     = jun,
  year      = 1992,
  issn      = {0169-2070},
  doi       = {10.1016/0169-2070(92)90005-T}
}

@article{Andrawis2011-kb,
  title     = {Combination of long term and short term forecasts, with application to tourism demand forecasting},
  author    = {Andrawis, Robert R and Atiya, Amir F and El-Shishiny, Hisham},
  journal   = {International Journal of Forecasting},
  publisher = {Elsevier},
  volume    = 27,
  number    = 3,
  pages     = {870--886},
  month     = jul,
  year      = 2011,
  issn      = {0169-2070},
  doi       = {10.1016/j.ijforecast.2010.05.019}
}

@incollection{Armstrong2001-sj,
  title     = {Combining Forecasts},
  booktitle = {Principles of Forecasting: A Handbook for Researchers and Practitioners},
  author    = {Armstrong, J Scott},
  editor    = {Armstrong, J Scott},
  publisher = {Springer US},
  pages     = {417--439},
  year      = 2001,
  address   = {Boston, MA},
  isbn      = {9780306476303},
  doi       = {10.1007/978-0-306-47630-3\_19}
}

@article{Assimakopoulos2000-cc,
  title     = {The theta model: a decomposition approach to forecasting},
  author    = {Assimakopoulos, V and Nikolopoulos, K},
  journal   = {International Journal of Forecasting},
  publisher = {Elsevier},
  volume    = 16,
  number    = 4,
  pages     = {521--530},
  month     = oct,
  year      = 2000,
  issn      = {0169-2070},
  doi       = {10.1016/S0169-2070(00)00066-2}
}

@article{Atger2003-lx,
  title     = {Spatial and Interannual Variability of the Reliability of Ensemble-Based Probabilistic Forecasts: Consequences for Calibration},
  author    = {Atger, Fr{\'e}d{\'e}ric},
  journal   = {Monthly Weather Review},
  publisher = {American Meteorological Society},
  volume    = 131,
  number    = 8,
  pages     = {1509--1523},
  month     = aug,
  year      = 2003,
  issn      = {0027-0644, 1520-0493},
  doi       = {10.1175//1520-0493(2003)131<1509:SAIVOT>2.0.CO;2}
}

@article{Atiya2020-ge,
  title     = {Why does forecast combination work so well?},
  author    = {Atiya, Amir F},
  journal   = {International Journal of Forecasting},
  volume    = {36},
  number    = {1},
  pages     = {197--200},
  year      = {2020},
  publisher = {Elsevier}
}

@article{Babikir2016-xz,
  title     = {Evaluating the combined forecasts of the dynamic factor model and the artificial neural network model using linear and nonlinear combining methods},
  author    = {Babikir, A and Mwambi, H},
  journal   = {Empirical Economics},
  publisher = {Springer},
  year      = 2016,
  volume    = {51},
  number    = {4},
  pages     = {1541--1556},
  issn      = {0377-7332}
}

@article{Baran2014-tm,
  title     = {Probabilistic wind speed forecasting using Bayesian model averaging with truncated normal components},
  author    = {Baran, S{\'a}ndor},
  journal   = {Computational Statistics \& Data Analysis},
  publisher = {Elsevier},
  volume    = 75,
  pages     = {227--238},
  month     = jul,
  year      = 2014,
  issn      = {0167-9473},
  doi       = {10.1016/j.csda.2014.02.013}
}

@article{Baran2018-nm,
  title     = {Combining predictive distributions for the statistical post-processing of ensemble forecasts},
  author    = {Baran, S{\'a}ndor and Lerch, Sebastian},
  journal   = {International Journal of Forecasting},
  publisher = {Elsevier},
  volume    = 34,
  number    = 3,
  pages     = {477--496},
  month     = jul,
  year      = 2018,
  issn      = {0169-2070},
  doi       = {10.1016/j.ijforecast.2018.01.005}
}

@article{Barandas2020-vr,
  title     = {{TSFEL}: {Time Series Feature Extraction Library}},
  author    = {Barandas, Mar\'{i}lia and Folgado, Duarte and Fernandes, Let\'{i}cia and Santos, Sara and Abreu, Mariana and Bota, Patr\'{i}cia and Liu, Hui and Schultz, Tanja and Gamboa, Hugo},
  journal   = {SoftwareX},
  publisher = {Elsevier},
  volume    = 11,
  pages     = {100456},
  month     = jan,
  year      = 2020,
  issn      = {2352-7110},
  doi       = {10.1016/j.softx.2020.100456}
}

@article{Bassetti2018-qr,
  title     = {Bayesian Nonparametric Calibration and Combination of Predictive Distributions},
  author    = {Bassetti, Federico and Casarin, Roberto and Ravazzolo, Francesco},
  journal   = {Journal of the American Statistical Association},
  publisher = {Taylor \& Francis},
  volume    = 113,
  number    = 522,
  pages     = {675--685},
  month     = apr,
  year      = 2018,
  issn      = {0162-1459},
  doi       = {10.1080/01621459.2016.1273117}
}

@incollection{Bassetti2020-uh,
  title     = {Density Forecasting},
  booktitle = {Macroeconomic Forecasting in the Era of Big Data: Theory and Practice},
  author    = {Bassetti, Federico and Casarin, Roberto and Ravazzolo, Francesco},
  editor    = {Fuleky, Peter},
  publisher = {Springer International Publishing},
  pages     = {465--494},
  year      = 2020,
  address   = {Cham},
  isbn      = {9783030311506},
  doi       = {10.1007/978-3-030-31150-6\_15}
}

@article{Batchelor1995-ps,
  title     = {Forecaster diversity and the benefits of combining forecasts},
  author    = {Batchelor, Roy and Dua, Pami},
  journal   = {Management Science},
  publisher = {Institute for Operations Research and the Management Sciences (INFORMS)},
  volume    = 41,
  number    = 1,
  pages     = {68--75},
  month     = jan,
  year      = 1995,
  issn      = {0025-1909, 1526-5501},
  doi       = {10.1287/mnsc.41.1.68}
}

@article{Bates1969-yj,
  title     = {The combination of forecasts},
  author    = {Bates, J M and Granger, C W J},
  journal   = {Journal of the Operational Research Society},
  publisher = {Informa UK Limited},
  volume    = 20,
  number    = 4,
  pages     = {451--468},
  month     = dec,
  year      = 1969,
  issn      = {0160-5682, 1476-9360},
  doi       = {10.1057/jors.1969.103}
}

@article{Bauer2015-dg,
  title     = {The quiet revolution of numerical weather prediction},
  author    = {Bauer, Peter and Thorpe, Alan and Brunet, Gilbert},
  journal   = {Nature},
  publisher = {nature.com},
  volume    = 525,
  number    = 7567,
  pages     = {47--55},
  month     = sep,
  year      = 2015,
  issn      = {0028-0836, 1476-4687},
  pmid      = {26333465},
  doi       = {10.1038/nature14956}
}

@article{Baumeister2015-ft,
  title     = {Forecasting the Real Price of Oil in a Changing World: A Forecast Combination Approach},
  author    = {Baumeister, Christiane and Kilian, Lutz},
  journal   = {Journal of Business \& Economic Statistics},
  publisher = {Taylor \& Francis},
  volume    = 33,
  number    = 3,
  pages     = {338--351},
  month     = jul,
  year      = 2015,
  issn      = {0735-0015},
  doi       = {10.1080/07350015.2014.949342}
}

@article{Benjamin2019-zp,
  title     = {100 years of progress in forecasting and {NWP} applications},
  author    = {Benjamin, Stanley G and Brown, John M and Brunet, Gilbert and Lynch, Peter and Saito, Kazuo and Schlatter, Thomas W},
  journal   = {Meteorological Monographs},
  publisher = {journals.ametsoc.org},
  volume    = 59,
  pages     = {13--1},
  year      = 2019
}

@article{Bergmeir2016-ae,
  title     = {Bagging exponential smoothing methods using {STL} decomposition and {Box--Cox} transformation},
  author    = {Bergmeir, Christoph and Hyndman, Rob J and Ben\'{i}tez, Jos\'{e} M},
  journal   = {International Journal of Forecasting},
  publisher = {Elsevier BV},
  volume    = 32,
  number    = 2,
  pages     = {303--312},
  month     = apr,
  year      = 2016,
  issn      = {0169-2070, 1872-8200},
  doi       = {10.1016/j.ijforecast.2015.07.002}
}

@article{Billio2013-sg,
  title     = {Time-varying combinations of predictive densities using nonlinear filtering},
  author    = {Billio, Monica and Casarin, Roberto and Ravazzolo, Francesco and van Dijk, Herman K},
  journal   = {Journal of Econometrics},
  publisher = {Elsevier},
  volume    = 177,
  number    = 2,
  pages     = {213--232},
  month     = dec,
  year      = 2013,
  issn      = {0304-4076},
  doi       = {10.1016/j.jeconom.2013.04.009}
}

@article{Blanc2016-sn,
  title     = {When to choose the simple average in forecast combination},
  author    = {Blanc, Sebastian M and Setzer, Thomas},
  journal   = {Journal of Business Research},
  publisher = {Elsevier},
  volume    = 69,
  number    = 10,
  pages     = {3951--3962},
  month     = oct,
  year      = 2016,
  issn      = {0148-2963},
  doi       = {10.1016/j.jbusres.2016.05.013}
}

@article{Blanc2020-pg,
  title     = {{Bias--Variance} {Trade-Off} and Shrinkage of Weights in Forecast Combination},
  author    = {Blanc, Sebastian M and Setzer, Thomas},
  journal   = {Management Science},
  publisher = {INFORMS},
  volume    = 66,
  number    = 12,
  pages     = {5720--5737},
  month     = dec,
  year      = 2020,
  issn      = {0025-1909},
  doi       = {10.1287/mnsc.2019.3476}
}

@article{Bracher2021-hx,
  title     = {Evaluating epidemic forecasts in an interval format},
  author    = {Bracher, Johannes and Ray, Evan L and Gneiting, Tilmann and Reich, Nicholas G},
  journal   = {PLoS Computational Biology},
  publisher = {journals.plos.org},
  volume    = 17,
  number    = 2,
  pages     = {e1008618},
  month     = feb,
  year      = 2021,
  issn      = {1553-734X, 1553-7358},
  pmid      = {33577550},
  doi       = {10.1371/journal.pcbi.1008618},
  pmc       = {PMC7880475}
}

@online{Brooks2020-sg,
  title     = {Comparing ensemble approaches for short-term probabilistic {COVID}-19 forecasts in the {U.S.}},
  author    = {Brooks, Logan C and Ray, Evan L and Bien, Jacob and Bracher, Johannes and Rumack, Aaron and Tibshirani, Ryan J and Reich, Nicholas G},
  journal   = {International Institute of Forecasters},
  publisher = {forecasters.org},
  year      = 2020,
  url       = {\url{https://forecasters.org/blog/2020/10/28/comparing-ensemble-approaches-for-short-term-probabilistic-covid-19-forecasts-in-the-u-s/}},
  note      = {Accessed: 2022-02-12}
}

@inproceedings{Browell2020-pa,
  title     = {Quantile Combination for the {EEM20} Wind Power Forecasting Competition},
  booktitle = {2020 17th International Conference on the European Energy Market ({EEM})},
  author    = {Browell, Jethro and Gilbert, Ciaran and Tawn, Rosemary and May, Leo},
  publisher = {ieeexplore.ieee.org},
  pages     = {1--6},
  month     = sep,
  year      = 2020,
  issn      = {2165-4093},
  doi       = {10.1109/EEM49802.2020.9221942}
}

@article{Brown2005-aa,
  title     = {Diversity creation methods: a survey and categorisation},
  author    = {Brown, Gavin and Wyatt, Jeremy and Harris, Rachel and Yao, Xin},
  journal   = {Information Fusion},
  publisher = {Elsevier},
  volume    = 6,
  number    = 1,
  pages     = {5--20},
  month     = mar,
  year      = 2005,
  issn      = {1566-2535},
  doi       = {10.1016/j.inffus.2004.04.004}
}

@article{Budescu2015-tu,
  title     = {Identifying expertise to extract the wisdom of crowds},
  author    = {Budescu, D V and Chen, E},
  journal   = {Management Science},
  publisher = {pubsonline.informs.org},
  year      = 2015,
  issn      = {0025-1909}
}

@article{Buizza1999-st,
  title     = {Stochastic representation of model uncertainties in the {ECMWF} ensemble prediction system},
  author    = {Buizza, Roberto and Milleer, M and Palmer, Tim N},
  journal   = {Quarterly Journal of the Royal Meteorological Society},
  volume    = 125,
  number    = 560,
  pages     = {2887--2908},
  year      = 1999,
  publisher = {Wiley Online Library}
}

@article{Buizza2005-wf,
  title     = {A Comparison of the {ECMWF}, {MSC}, and {NCEP} Global Ensemble Prediction Systems},
  author    = {Buizza, Roberto and Houtekamer, P L and Pellerin, Gerald and Toth, Zoltan and Zhu, Yuejian and Wei, Mozheng},
  journal   = {Monthly Weather Review},
  publisher = {American Meteorological Society},
  volume    = 133,
  number    = 5,
  pages     = {1076--1097},
  month     = may,
  year      = 2005,
  language  = {en}
}

@article{Bunn1975-vz,
  title     = {A {Bayesian} approach to the linear combination of forecasts},
  author    = {Bunn, D W},
  journal   = {Journal of the Operational Research Society},
  publisher = {orsociety.tandfonline.com},
  year      = 1975,
  issn      = {0160-5682}
}

@article{Bunn1985-vo,
  title     = {Statistical efficiency in the linear combination of forecasts},
  author    = {Bunn, Derek W},
  journal   = {International Journal of Forecasting},
  publisher = {Elsevier},
  volume    = 1,
  number    = 2,
  pages     = {151--163},
  month     = jan,
  year      = 1985,
  issn      = {0169-2070},
  doi       = {10.1016/0169-2070(85)90020-2}
}

@article{Burnham2002-us,
  title     = {Model selection and multi-model inference: A practical information-theoretic approach (2nd ed.)},
  author    = {Burnham, K P and Anderson, D R},
  journal   = {Berlin, New York: Springer},
  publisher = {cds.cern.ch},
  year      = 2002
}

@article{Busetti2017-ox,
  title     = {Quantile aggregation of density forecasts},
  author    = {Busetti, Fabio},
  journal   = {Oxford Bulletin of Economics and Statistics},
  publisher = {Wiley},
  volume    = 79,
  number    = 4,
  pages     = {495--512},
  month     = aug,
  year      = 2017,
  issn      = {0305-9049, 1468-0084},
  doi       = {10.1111/obes.12163}
}

@article{Cang2014-tp,
  title   = {A combination selection algorithm on forecasting},
  author  = {Cang, Shuang and Yu, Hongnian},
  journal = {European Journal of Operational Research},
  volume  = 234,
  number  = 1,
  pages   = {127--139},
  month   = apr,
  year    = 2014,
  issn    = {0377-2217},
  doi     = {10.1016/j.ejor.2013.08.045}
}

@article{Chan1999-io,
  title   = {A dynamic factor model framework for forecast combination},
  author  = {Chan, Yeung Lewis and Stock, James H and Watson, Mark W},
  journal = {Spanish Economic Review},
  volume  = 1,
  number  = 2,
  pages   = {91--121},
  month   = jul,
  year    = 1999,
  issn    = {1435-5469},
  doi     = {10.1007/s101080050005}
}

@article{Chan2018-jl,
  title     = {Some theoretical results on forecast combinations},
  author    = {Chan, Felix and Pauwels, Laurent L},
  journal   = {International Journal of Forecasting},
  publisher = {Elsevier},
  volume    = 34,
  number    = 1,
  pages     = {64--74},
  month     = jan,
  year      = 2018,
  issn      = {0169-2070},
  doi       = {10.1016/j.ijforecast.2017.08.005}
}

@article{Chernozhukov2010-zz,
  title     = {Quantile and probability curves without crossing},
  author    = {Chernozhukov, V and Fern{\'a}ndez‐Val, I and Galichon, A},
  journal   = {Econometrica: Journal of the Econometric Society},
  publisher = {The Econometric Society},
  volume    = 78,
  number    = 3,
  pages     = {1093--1125},
  year      = 2010,
  issn      = {0012-9682, 1468-0262},
  doi       = {10.3982/ecta7880}
}

@article{Christ2018-vi,
  title     = {{Time Series Feature Extraction on basis of Scalable Hypothesis tests} (tsfresh -- {A Python package})},
  author    = {Christ, Maximilian and Braun, Nils and Neuffer, Julius and Kempa-Liehr, Andreas W},
  journal   = {Neurocomputing},
  publisher = {Elsevier BV},
  volume    = 307,
  pages     = {72--77},
  month     = sep,
  year      = 2018,
  copyright = {http://creativecommons.org/licenses/by/4.0/},
  issn      = {0925-2312, 1872-8286},
  doi       = {10.1016/j.neucom.2018.03.067}
}

@article{Claeskens2016-pv,
  title   = {The forecast combination puzzle: A simple theoretical explanation},
  author  = {Claeskens, Gerda and Magnus, Jan R and Vasnev, Andrey L and Wang, Wendun},
  journal = {International Journal of Forecasting},
  volume  = 32,
  number  = 3,
  pages   = {754--762},
  month   = jul,
  year    = 2016,
  issn    = {0169-2070},
  doi     = {10.1016/j.ijforecast.2015.12.005}
}

@article{Clark2010-jx,
  title     = {Averaging forecasts from {VARs} with uncertain instabilities},
  author    = {Clark, T E and McCracken, M W},
  journal   = {Journal of Applied Econometrics},
  publisher = {Wiley Online Library},
  year      = 2010,
  issn      = {0883-7252}
}

@article{Clemen1985-kx,
  title     = {Limits for the Precision and Value of Information from Dependent Sources},
  author    = {Clemen, Robert T and Winkler, Robert L},
  journal   = {Operations Research},
  publisher = {INFORMS},
  volume    = 33,
  number    = 2,
  pages     = {427--442},
  month     = apr,
  year      = 1985,
  issn      = {0030-364X},
  doi       = {10.1287/opre.33.2.427}
}

@article{Clemen1986-pd,
  title     = {Combining Economic Forecasts},
  author    = {Clemen, Robert T and Winkler, Robert L},
  journal   = {Journal of Business \& Economic Statistics},
  publisher = {Taylor \& Francis},
  volume    = 4,
  number    = 1,
  pages     = {39--46},
  month     = jan,
  year      = 1986,
  issn      = {0735-0015},
  doi       = {10.1080/07350015.1986.10509492}
}

@article{Clemen1989-fb,
  title     = {Combining forecasts: A review and annotated bibliography},
  author    = {Clemen, Robert T},
  journal   = {International Journal of Forecasting},
  publisher = {Elsevier BV},
  volume    = 5,
  number    = 4,
  pages     = {559--583},
  month     = jan,
  year      = 1989,
  issn      = {0169-2070, 1872-8200},
  doi       = {10.1016/0169-2070(89)90012-5}
}

@article{Clemen1993-ty,
  title     = {Aggregating Point Estimates: A Flexible Modeling Approach},
  author    = {Clemen, Robert T and Winkler, Robert L},
  journal   = {Management Science},
  publisher = {INFORMS},
  volume    = 39,
  number    = 4,
  pages     = {501--515},
  month     = apr,
  year      = 1993,
  issn      = {0025-1909},
  doi       = {10.1287/mnsc.39.4.501}
}

@article{Clemen1999-mh,
  title     = {Combining Probability Distributions From Experts in Risk Analysis},
  author    = {Clemen, Robert T and Winkler, Robert L},
  journal   = {Risk Analysis},
  publisher = {Springer},
  volume    = 19,
  number    = 2,
  pages     = {187--203},
  month     = apr,
  year      = 1999,
  issn      = {0272-4332, 1573-9147},
  doi       = {10.1023/A:1006917509560}
}

@book{Clements1998-bu,
  title     = {Forecasting Economic Time Series},
  author    = {Clements, Michael and Hendry, David},
  publisher = {Cambridge University Press},
  month     = oct,
  year      = 1998,
  isbn      = {9780521634809}
}

@article{Collopy1992-ey,
  title     = {Rule-based forecasting: {Development} and validation of an expert systems approach to combining time series extrapolations},
  author    = {Collopy, Fred and Armstrong, J Scott},
  journal   = {Management Science},
  publisher = {Institute for Operations Research and the Management Sciences (INFORMS)},
  volume    = 38,
  number    = 10,
  pages     = {1394--1414},
  month     = oct,
  year      = 1992,
  issn      = {0025-1909, 1526-5501},
  doi       = {10.1287/mnsc.38.10.1394}
}

@article{Conflitti2015-fq,
  title     = {Optimal combination of survey forecasts},
  author    = {Conflitti, Cristina and De Mol, Christine and Giannone, Domenico},
  journal   = {International Journal of Forecasting},
  publisher = {Elsevier},
  volume    = 31,
  number    = 4,
  pages     = {1096--1103},
  month     = oct,
  year      = 2015,
  issn      = {0169-2070},
  doi       = {10.1016/j.ijforecast.2015.03.009}
}

@article{COSTANTINI2010725,
  title   = {A hierarchical procedure for the combination of forecasts},
  journal = {International Journal of Forecasting},
  volume  = {26},
  number  = {4},
  pages   = {725-743},
  year    = {2010},
  issn    = {0169-2070},
  doi     = {10.1016/j.ijforecast.2009.09.006},
  author  = {Mauro Costantini and Carmine Pappalardo}
}

@article{Dawid1984-vp,
  title     = {Present position and potential developments: Some personal views: Statistical theory: The prequential approach},
  author    = {Dawid, A P},
  journal   = {Journal of the Royal Statistical Society. Series A},
  publisher = {JSTOR},
  volume    = 147,
  number    = 2,
  pages     = {278},
  year      = 1984,
  issn      = {0035-9238, 2397-2327},
  doi       = {10.2307/2981683}
}

@article{Dawid1995-jj,
  title     = {Coherent combination of experts' opinions},
  author    = {Dawid, A P and DeGroot, M H and Mortera, J and Cooke, R and French, S and Genest, C and Schervish, M J and Lindley, D V and McConway, K J and Winkler, R L},
  journal   = {Test},
  publisher = {Springer},
  volume    = 4,
  number    = 2,
  pages     = {263--313},
  month     = dec,
  year      = 1995,
  issn      = {1133-0686, 1863-8260},
  doi       = {10.1007/BF02562628}
}

@article{De_Gooijer2006-eg,
  title   = {25 years of time series forecasting},
  author  = {De Gooijer, Jan G and Hyndman, Rob J},
  journal = {International Journal of Forecasting},
  volume  = 22,
  number  = 3,
  pages   = {443--473},
  month   = jan,
  year    = 2006,
  issn    = {0169-2070},
  doi     = {10.1016/j.ijforecast.2006.01.001}
}

@article{De_Menezes2000-vd,
  title     = {Review of guidelines for the use of combined forecasts},
  author    = {De Menezes, L M and Bunn, D W and Taylor, J W},
  journal   = {European Journal of Operational Research},
  publisher = {Elsevier},
  year      = 2000,
  volume    = 120,
  number    = 1,
  pages     = {190-204},
  issn      = {0377-2217},
  doi       = {10.1016/S0377-2217(98)00380-4}
}

@article{Del_Negro2016-ab,
  title     = {Dynamic prediction pools: An investigation of financial frictions and forecasting performance},
  author    = {Del Negro, Marco and Hasegawa, Raiden B and Schorfheide, Frank},
  journal   = {Journal of Econometrics},
  publisher = {Elsevier},
  volume    = 192,
  number    = 2,
  pages     = {391--405},
  month     = jun,
  year      = 2016,
  issn      = {0304-4076},
  doi       = {10.1016/j.jeconom.2016.02.006}
}

@article{Delle_Monache2013-os,
  title     = {Probabilistic weather prediction with an analog ensemble},
  author    = {Delle Monache, Luca and Eckel, F Anthony and Rife, Daran L and Nagarajan, Badrinath and Searight, Keith},
  journal   = {Monthly Weather Review},
  publisher = {American Meteorological Society},
  volume    = 141,
  number    = 10,
  pages     = {3498--3516},
  month     = oct,
  year      = 2013,
  issn      = {0027-0644, 1520-0493},
  doi       = {10.1175/mwr-d-12-00281.1}
}

@article{Deutsch1994-ob,
  title     = {The combination of forecasts using changing weights},
  author    = {Deutsch, Melinda and Granger, Clive W J and Ter{\"a}svirta, Timo},
  journal   = {International Journal of Forecasting},
  publisher = {Elsevier},
  volume    = 10,
  number    = 1,
  pages     = {47--57},
  month     = jun,
  year      = 1994,
  issn      = {0169-2070},
  doi       = {10.1016/0169-2070(94)90049-3}
}

@article{Diebold1987-go,
  title     = {Structural change and the combination of forecasts},
  author    = {Diebold, Francis X and Pauly, Peter},
  journal   = {Journal of Forecasting},
  publisher = {Wiley},
  volume    = 6,
  number    = 1,
  pages     = {21--40},
  year      = 1987,
  issn      = {0277-6693, 1099-131X},
  doi       = {10.1002/for.3980060103}
}

@article{Diebold1988-sx,
  title     = {Serial Correlation and the Combination of Forecasts},
  author    = {Diebold, Francis X},
  journal   = {Journal of Business \& Economic Statistics},
  publisher = {Taylor \& Francis},
  volume    = 6,
  number    = 1,
  pages     = {105--111},
  month     = jan,
  year      = 1988,
  issn      = {0735-0015},
  doi       = {10.1080/07350015.1988.10509642}
}

@article{Diebold1990-fk,
  title     = {The use of prior information in forecast combination},
  author    = {Diebold, Francis X and Pauly, Peter},
  journal   = {International Journal of Forecasting},
  publisher = {Elsevier BV},
  volume    = 6,
  number    = 4,
  pages     = {503--508},
  month     = dec,
  year      = 1990,
  issn      = {0169-2070, 1872-8200},
  doi       = {10.1016/0169-2070(90)90028-A}
}

@techreport{Diebold1997-cr,
  title       = {Evaluating Density Forecasts},
  author      = {Diebold, Francis X and Gunther, Todd A and Tay, Anthony S},
  publisher   = {nber.org},
  number      = {t0215},
  institution = {National Bureau of Economic Research},
  month       = oct,
  year        = 1997,
  doi         = {10.3386/t0215}
}

@article{Diks2011-gj,
  title     = {Likelihood-based scoring rules for comparing density forecasts in tails},
  author    = {Diks, Cees and Panchenko, Valentyn and van Dijk, Dick},
  journal   = {Journal of Econometrics},
  publisher = {Elsevier},
  volume    = 163,
  number    = 2,
  pages     = {215--230},
  month     = aug,
  year      = 2011,
  issn      = {0304-4076},
  doi       = {10.1016/j.jeconom.2011.04.001}
}

@article{Donaldson1996-um,
  title     = {Forecast combining with neural networks},
  author    = {Donaldson, R G and Kamstra, M},
  journal   = {Journal of Forecasting},
  publisher = {Wiley Online Library},
  year      = 1996,
  volume    = {15},
  number    = {1},
  pages     = {49--61},
  doi       = {10.1002/(SICI)1099-131X(199601)15:1<49::AID-FOR604>3.0.CO;2-2}
}

@article{Donate2013-lq,
  title     = {Time series forecasting using a weighted cross-validation evolutionary artificial neural network ensemble},
  author    = {Donate, J P and Cortez, P and Sanchez, G G and De Miguel, A S},
  journal   = {Neurocomputing},
  publisher = {Elsevier},
  year      = 2013,
  issn      = {0925-2312}
}

@article{Draper1995-cd,
  title     = {Assessment and propagation of model uncertainty},
  author    = {Draper, David},
  journal   = {Journal of the Royal Statistical Society: Series B (Methodological)},
  publisher = {Wiley},
  volume    = 57,
  number    = 1,
  pages     = {45--70},
  month     = jan,
  year      = 1995,
  copyright = {http://onlinelibrary.wiley.com/termsAndConditions\#vor},
  issn      = {0035-9246},
  doi       = {10.1111/j.2517-6161.1995.tb02015.x}
}

@article{Dueben2018-ln,
  title     = {Challenges and design choices for global weather and climate models based on machine learning},
  author    = {Dueben, Peter D and Bauer, Peter},
  journal   = {Geoscientific model development},
  publisher = {Copernicus GmbH},
  volume    = 11,
  number    = 10,
  pages     = {3999--4009},
  month     = oct,
  year      = 2018,
  issn      = {1991-959X, 1991-9603},
  doi       = {10.5194/gmd-11-3999-2018}
}

@misc{Dueben2021-fe,
  title     = {Deep learning to improve weather predictions},
  booktitle = {Deep Learning for the Earth Sciences},
  author    = {Dueben, Peter D and Bauer, Peter and Adams, Samantha},
  journal   = {Deep Learning for the Earth Sciences},
  publisher = {Wiley},
  pages     = {204--217},
  month     = sep,
  year      = 2021,
  doi       = {10.1002/9781119646181.ch14}
}

@article{Edward_Coulson1993-db,
  title     = {Forecast combination in a dynamic setting},
  author    = {Edward Coulson, N and Robins, Russell P},
  journal   = {Journal of Forecasting},
  publisher = {Wiley},
  volume    = 12,
  number    = 1,
  pages     = {63--67},
  month     = jan,
  year      = 1993,
  issn      = {0277-6693, 1099-131X},
  doi       = {10.1002/for.3980120106}
}

@article{Elliott2004-dz,
  title     = {Optimal forecast combinations under general loss functions and forecast error distributions},
  author    = {Elliott, Graham and Timmermann, Allan},
  journal   = {Journal of Econometrics},
  publisher = {Elsevier BV},
  volume    = 122,
  number    = 1,
  pages     = {47--79},
  month     = sep,
  year      = 2004,
  issn      = {0304-4076, 1872-6895},
  doi       = {10.1016/j.jeconom.2003.10.019}
}

@article{Elliott2011-ab,
  title     = {Averaging and the optimal combination of forecasts},
  author    = {Elliott, Graham},
  journal   = {Manuscript, Department of Economics, UCSD},
  publisher = {researchgate.net},
  year      = 2011
}

@article{encompassing2010,
  author   = {Kışınbay, Turgut},
  title    = {The use of encompassing tests for forecast combinations},
  journal  = {Journal of Forecasting},
  volume   = {29},
  number   = {8},
  pages    = {715-727},
  keywords = {forecast combination, forecast encompassing, thick-modeling},
  doi      = {10.1002/for.1170},
  year     = {2010}
}

@article{Fernandez-Villaverde2004-pz,
  title     = {Comparing dynamic equilibrium models to data: a {Bayesian} approach},
  author    = {Fern{\'a}ndez-Villaverde, Jes{\'u}s and Francisco Rubio-Ram{\i}rez, Juan},
  journal   = {Journal of Econometrics},
  publisher = {Elsevier},
  volume    = 123,
  number    = 1,
  pages     = {153--187},
  month     = nov,
  year      = 2004,
  issn      = {0304-4076},
  doi       = {10.1016/j.jeconom.2003.10.031}
}

@article{Fischer1999-kz,
  title     = {Combining forecasts: What information do judges need to outperform the simple average?},
  author    = {Fischer, Ilan and Harvey, Nigel},
  journal   = {International Journal of Forecasting},
  publisher = {Elsevier},
  volume    = 15,
  number    = 3,
  pages     = {227--246},
  month     = jul,
  year      = 1999,
  issn      = {0169-2070},
  doi       = {10.1016/S0169-2070(98)00073-9}
}

@article{Freitas2006-fn,
  title     = {Model combination in neural-based forecasting},
  author    = {Freitas, Paulo S A and Rodrigues, Ant{\'o}nio J L},
  journal   = {European Journal of Operational Research},
  publisher = {Elsevier},
  volume    = 173,
  number    = 3,
  pages     = {801--814},
  month     = sep,
  year      = 2006,
  issn      = {0377-2217},
  doi       = {10.1016/j.ejor.2005.06.057}
}

@article{Fulcher2017-uf,
  title     = {hctsa: A Computational Framework for Automated Time-Series Phenotyping Using Massive Feature Extraction},
  author    = {Fulcher, Ben D and Jones, Nick S},
  journal   = {Cell systems},
  publisher = {Elsevier},
  volume    = 5,
  number    = 5,
  pages     = {527--531.e3},
  month     = nov,
  year      = 2017,
  issn      = {2405-4712},
  pmid      = {29102608},
  doi       = {10.1016/j.cels.2017.10.001}
}

@article{Gaba2017-om,
  title     = {Combining Interval Forecasts},
  author    = {Gaba, Anil and Tsetlin, Ilia and Winkler, Robert L},
  journal   = {Decision Analysis},
  publisher = {INFORMS},
  volume    = 14,
  number    = 1,
  pages     = {1--20},
  month     = mar,
  year      = 2017,
  issn      = {1545-8490},
  doi       = {10.1287/deca.2016.0340}
}

@article{Garratt2003-kh,
  title     = {Forecast uncertainties in macroeconomic modeling},
  author    = {Garratt, Anthony and Lee, Kevin and Pesaran, M Hashem and Shin, Yongcheol},
  journal   = {Journal of the American Statistical Association},
  publisher = {Informa UK Limited},
  volume    = 98,
  number    = 464,
  pages     = {829--838},
  month     = dec,
  year      = 2003,
  issn      = {0162-1459, 1537-274X},
  doi       = {10.1198/016214503000000765}
}

@article{Gastinger2021-ey,
  title         = {A study on Ensemble Learning for Time Series Forecasting and the need for Meta-Learning},
  author        = {Gastinger, Julia and Nicolas, S{\'e}bastien and Stepi{\'c}, Du{\v s}ica and Schmidt, Mischa and Sch{\"u}lke, Anett},
  month         = apr,
  year          = 2021,
  archiveprefix = {arXiv},
  eprint        = {2104.11475},
  primaryclass  = {cs.LG},
  arxivid       = {2104.11475}
}

@article{Genest1985-bu,
  title     = {Modeling Expert Judgments for Bayesian Updating},
  author    = {Genest, Christian and Schervish, Mark J},
  journal   = {Annals of Statistics},
  publisher = {Institute of Mathematical Statistics},
  volume    = 13,
  number    = 3,
  pages     = {1198--1212},
  year      = 1985,
  issn      = {0090-5364}
}

@article{Genre2013-ut,
  title   = {Combining expert forecasts: Can anything beat the simple average?},
  author  = {Genre, V{\'e}ronique and Kenny, Geoff and Meyler, Aidan and Timmermann, Allan},
  journal = {International Journal of Forecasting},
  volume  = 29,
  number  = 1,
  pages   = {108--121},
  month   = jan,
  year    = 2013,
  issn    = {0169-2070},
  doi     = {10.1016/j.ijforecast.2012.06.004}
}

@article{Geweke2010-zn,
  title     = {Comparing and evaluating {Bayesian} predictive distributions of asset returns},
  author    = {Geweke, John and Amisano, Gianni},
  journal   = {International Journal of Forecasting},
  publisher = {Elsevier},
  volume    = 26,
  number    = 2,
  pages     = {216--230},
  month     = apr,
  year      = 2010,
  issn      = {0169-2070},
  doi       = {10.1016/j.ijforecast.2009.10.007}
}

@article{Geweke2011-xk,
  title     = {Optimal prediction pools},
  author    = {Geweke, John and Amisano, Gianni},
  journal   = {Journal of Econometrics},
  publisher = {Elsevier},
  volume    = 164,
  number    = 1,
  pages     = {130--141},
  month     = sep,
  year      = 2011,
  issn      = {0304-4076},
  doi       = {10.1016/j.jeconom.2011.02.017}
}

@article{Gneiting2005-ua,
  title     = {Calibrated Probabilistic Forecasting Using Ensemble Model Output Statistics and Minimum {CRPS} Estimation},
  author    = {Gneiting, Tilmann and Raftery, Adrian E and Westveld, Anton H and Goldman, Tom},
  journal   = {Monthly Weather Review},
  publisher = {American Meteorological Society},
  volume    = 133,
  number    = 5,
  pages     = {1098--1118},
  month     = may,
  year      = 2005,
  issn      = {0027-0644},
  doi       = {10.1175/MWR2904.1}
}

@article{Gneiting2005-yn,
  title    = {Weather forecasting with ensemble methods},
  author   = {Gneiting, Tilmann and Raftery, Adrian E},
  journal  = {Science},
  volume   = 310,
  number   = 5746,
  pages    = {248--249},
  month    = oct,
  year     = 2005,
  language = {en},
  issn     = {0036-8075, 1095-9203},
  pmid     = {16224011},
  doi      = {10.1126/science.1115255}
}

@article{Gneiting2007-fr,
  title     = {Probabilistic forecasts, calibration and sharpness},
  author    = {Gneiting, Tilmann and Balabdaoui, Fadoua and Raftery, Adrian E},
  journal   = {Journal of the Royal Statistical Society. Series B, Statistical Methodology},
  publisher = {Wiley},
  volume    = 69,
  number    = 2,
  pages     = {243--268},
  month     = apr,
  year      = 2007,
  issn      = {1369-7412, 1467-9868},
  doi       = {10.1111/j.1467-9868.2007.00587.x}
}

@article{Gneiting2007-ij,
  title     = {Strictly Proper Scoring Rules, Prediction, and Estimation},
  author    = {Gneiting, Tilmann and Raftery, Adrian E},
  journal   = {Journal of the American Statistical Association},
  publisher = {Taylor \& Francis},
  volume    = 102,
  number    = 477,
  pages     = {359--378},
  month     = mar,
  year      = 2007,
  issn      = {0162-1459},
  doi       = {10.1198/016214506000001437}
}

@article{Gneiting2013-hl,
  title     = {Combining predictive distributions},
  author    = {Gneiting, Tilmann and Ranjan, Roopesh},
  journal   = {Electronic Journal of Statistics},
  publisher = {Institute of Mathematical Statistics and Bernoulli Society},
  volume    = 7,
  pages     = {1747--1782},
  month     = jan,
  year      = 2013,
  issn      = {1746-1391, 1935-7524},
  doi       = {10.1214/13-EJS823}
}

@article{Gneiting2014-tz,
  title     = {Probabilistic Forecasting},
  author    = {Gneiting, Tilmann and Katzfuss, Matthias},
  journal   = {Annual Review of Statistics and Its Application},
  publisher = {Annual Reviews},
  volume    = 1,
  number    = 1,
  pages     = {125--151},
  month     = jan,
  year      = 2014,
  issn      = {2326-8298},
  doi       = {10.1146/annurev-statistics-062713-085831}
}

@inproceedings{Godahewa2021-mo,
  author    = {Godahewa, Rakshitha and Bergmeir, Christoph and Webb, Geoffrey I. and Hyndman, Rob J. and Montero-Manso, Pablo},
  title     = {Monash Time Series Forecasting Archive},
  booktitle = {Neural Information Processing Systems Track on Datasets and Benchmarks},
  year      = {2021},
  note      = {Forthcoming}
}

@misc{Godahewa2021-wb,
  author = {Godahewa, Rakshitha and Bergmeir, Christoph and Webb, Geoffrey I. and Hyndman, Rob J. and Montero-Manso, Pablo},
  title  = {Monash Time Series Forecasting Repository},
  year   = {2021},
  url    = {https://forecastingdata.org/}
}

@article{Graham1996-qc,
  title     = {Is a Group of Economists Better Than One? Than None?},
  author    = {Graham, John R},
  journal   = {Journal of Business},
  publisher = {University of Chicago Press},
  volume    = 69,
  number    = 2,
  pages     = {193--232},
  year      = 1996,
  issn      = {1537-5374}
}

@article{Granger1984-jc,
  title     = {Improved methods of combining forecasts},
  author    = {Granger, Clive W J and Ramanathan, Ramu},
  journal   = {Journal of Forecasting},
  publisher = {John Wiley \& Sons, Ltd},
  volume    = 3,
  number    = 2,
  pages     = {197--204},
  month     = apr,
  year      = 1984,
  issn      = {0277-6693},
  doi       = {10.1002/for.3980030207}
}

@article{Granger2004-sw,
  title     = {Thick modeling},
  author    = {Granger, Clive W J and Jeon, Yongil},
  journal   = {Economic Modelling},
  publisher = {Elsevier},
  volume    = 21,
  number    = 2,
  pages     = {323--343},
  month     = mar,
  year      = 2004,
  issn      = {0264-9993},
  doi       = {10.1016/S0264-9993(03)00017-8}
}

@article{Green2015-mi,
  title     = {Simple versus complex forecasting: The evidence},
  author    = {Green, Kesten C and Armstrong, J Scott},
  journal   = {Journal of Business Research},
  publisher = {Elsevier},
  volume    = 68,
  number    = 8,
  pages     = {1678--1685},
  month     = aug,
  year      = 2015,
  issn      = {0148-2963},
  doi       = {10.1016/j.jbusres.2015.03.026}
}

@article{Gronquist2021-no,
  title     = {Deep learning for post-processing ensemble weather forecasts},
  author    = {Gr{\"o}nquist, Peter and Yao, Chengyuan and Ben-Nun, Tal and Dryden, Nikoli and Dueben, Peter and Li, Shigang and Hoefler, Torsten},
  journal   = {Philosophical Transactions. Series A, Mathematical, physical, and engineering sciences},
  publisher = {royalsocietypublishing.org},
  volume    = 379,
  number    = 2194,
  pages     = {20200092},
  month     = apr,
  year      = 2021,
  issn      = {1364-503X, 1471-2962},
  pmid      = {33583263},
  doi       = {10.1098/rsta.2020.0092}
}

@article{Grushka-Cockayne2017-dj,
  title     = {Ensembles of Overfit and Overconfident Forecasts},
  author    = {Grushka-Cockayne, Yael and Jose, Victor Richmond R and Lichtendahl Jr, Kenneth C},
  journal   = {Management Science},
  publisher = {INFORMS},
  volume    = 63,
  number    = 4,
  pages     = {1110--1130},
  month     = apr,
  year      = 2017,
  issn      = {0025-1909},
  doi       = {10.1287/mnsc.2015.2389}
}

@article{Grushka-Cockayne2017-eg,
  title     = {Quantile evaluation, sensitivity to bracketing, and sharing business payoffs},
  author    = {Grushka-Cockayne, Yael and Lichtendahl, Kenneth C and Jose, Victor Richmond R and Winkler, Robert L},
  journal   = {Operations Research},
  volume    = 65,
  number    = 3,
  pages     = {712--728},
  year      = {2017},
  publisher = {INFORMS},
  doi       = {10.1287/opre.2017.1588}
}

@article{Grushka-Cockayne2020-qv,
  title     = {Combining prediction intervals in the {M4} competition},
  author    = {Grushka-Cockayne, Yael and Jose, Victor Richmond R},
  journal   = {International Journal of Forecasting},
  publisher = {Elsevier},
  volume    = 36,
  number    = 1,
  pages     = {178--185},
  month     = jan,
  year      = 2020,
  issn      = {0169-2070},
  doi       = {10.1016/j.ijforecast.2019.04.015}
}

@article{Gunter1992-go,
  title     = {Nonnegativity restricted least squares combinations},
  author    = {Gunter, Sevket I},
  journal   = {International Journal of Forecasting},
  publisher = {Elsevier},
  volume    = 8,
  number    = 1,
  pages     = {45--59},
  month     = jun,
  year      = 1992,
  issn      = {0169-2070},
  doi       = {10.1016/0169-2070(92)90006-U}
}

@misc{Hall2004-tm,
  title     = {Density forecast combination},
  author    = {Hall, Stephen G and Mitchell, James},
  publisher = {National institute of economic and social research discussion paper},
  year      = 2004,
  issn      = {No. 249}
}

@article{Hall2007-lh,
  title     = {Combining density forecasts},
  author    = {Hall, Stephen G and Mitchell, James},
  journal   = {International Journal of Forecasting},
  publisher = {Elsevier},
  volume    = 23,
  number    = 1,
  pages     = {1--13},
  month     = jan,
  year      = 2007,
  issn      = {0169-2070},
  doi       = {10.1016/j.ijforecast.2006.08.001}
}

@article{Harrald1997-gd,
  title     = {Evolving artificial neural networks to combine financial forecasts},
  author    = {Harrald, P G and Kamstra, M},
  journal   = {IEEE Transactions on Evolutionary Computation},
  publisher = {ieeexplore.ieee.org},
  volume    = 1,
  number    = 1,
  pages     = {40--52},
  month     = apr,
  year      = 1997,
  issn      = {1941-0026},
  doi       = {10.1109/4235.585891}
}

@article{Henderson2021-gl,
  title         = {An Empirical Evaluation of Time-Series Feature Sets},
  author        = {Henderson, Trent and Fulcher, Ben D},
  journal       = {arXiv [cs.LG]},
  month         = oct,
  year          = 2021,
  archiveprefix = {arXiv},
  eprint        = {2110.10914},
  primaryclass  = {cs.LG},
  arxivid       = {2110.10914}
}

@article{Hibon2005-ok,
  title     = {To combine or not to combine: selecting among forecasts and their combinations},
  author    = {Hibon, Mich{\`e}le and Evgeniou, Theodoros},
  journal   = {International Journal of Forecasting},
  publisher = {Elsevier BV},
  volume    = 21,
  number    = 1,
  pages     = {15--24},
  month     = jan,
  year      = 2005,
  issn      = {0169-2070, 1872-8200},
  doi       = {10.1016/j.ijforecast.2004.05.002}
}

@article{Hoeting1999-qn,
  title     = {Bayesian model averaging: a tutorial},
  author    = {Hoeting, Jennifer A and Madigan, David and Raftery, Adrian E and Volinsky, Chris T},
  journal   = {Statistical Science},
  publisher = {Institute of Mathematical Statistics},
  volume    = 14,
  number    = 4,
  pages     = {382--417},
  month     = nov,
  year      = 1999,
  issn      = {0883-4237, 2168-8745},
  doi       = {10.1214/ss/1009212519}
}

@article{Hollyman2021-tn,
  title     = {Understanding forecast reconciliation},
  author    = {Hollyman, Ross and Petropoulos, Fotios and Tipping, Michael E},
  journal   = {European Journal of Operational Research},
  publisher = {Elsevier},
  volume    = 294,
  number    = 1,
  pages     = {149--160},
  month     = oct,
  year      = 2021,
  issn      = {0377-2217},
  doi       = {10.1016/j.ejor.2021.01.017}
}

@article{Hora2004-fz,
  title     = {Probability Judgments for Continuous Quantities: Linear Combinations and Calibration},
  author    = {Hora, Stephen C},
  journal   = {Management Science},
  publisher = {INFORMS},
  volume    = 50,
  number    = 5,
  pages     = {597--604},
  month     = may,
  year      = 2004,
  issn      = {0025-1909},
  doi       = {10.1287/mnsc.1040.0205}
}

@article{Hsiao2014-ug,
  title   = {Is there an optimal forecast combination?},
  author  = {Hsiao, Cheng and Wan, Shui Ki},
  journal = {Journal of Econometrics},
  volume  = 178,
  pages   = {294--309},
  month   = jan,
  year    = 2014,
  issn    = {0304-4076},
  doi     = {10.1016/j.jeconom.2013.11.003}
}

@article{Hyndman2011-sd,
  title     = {Optimal combination forecasts for hierarchical time series},
  author    = {Hyndman, Rob J and Ahmed, Roman A and Athanasopoulos, George and Shang, Han Lin},
  journal   = {Computational Statistics \& Data Analysis},
  publisher = {Citeseer},
  volume    = 55,
  number    = 9,
  pages     = {2579--2589},
  month     = sep,
  year      = 2011,
  issn      = {0167-9473},
  doi       = {10.1016/j.csda.2011.03.006}
}

@book{Hyndman2021-tx,
  title     = {Forecasting: principles and practice},
  author    = {Hyndman, Rob J and Athanasopoulos, George},
  publisher = {OTexts: Melbourne, Australia},
  edition   = {3rd},
  month     = may,
  year      = 2021,
  url       = {https://otexts.com/fpp3/}
}

@article{Jore2010-yi,
  title     = {Combining forecast densities from {VARs} with uncertain instabilities},
  author    = {Jore, Anne Sofie and Mitchell, James and Vahey, Shaun P},
  journal   = {Journal of Applied Economics},
  publisher = {Wiley},
  volume    = 25,
  number    = 4,
  pages     = {621--634},
  month     = jun,
  year      = 2010,
  issn      = {1514-0326},
  doi       = {10.1002/jae.1162}
}

@article{Jose2008-vm,
  title     = {Simple robust averages of forecasts: Some empirical results},
  author    = {Jose, Victor Richmond R and Winkler, Robert L},
  journal   = {International Journal of Forecasting},
  publisher = {Elsevier},
  volume    = 24,
  number    = 1,
  pages     = {163--169},
  month     = jan,
  year      = 2008,
  issn      = {0169-2070},
  doi       = {10.1016/j.ijforecast.2007.06.001}
}

@article{Jose2009-lh,
  title     = {Evaluating Quantile Assessments},
  author    = {Jose, Victor Richmond R and Winkler, Robert L},
  journal   = {Operations Research},
  publisher = {INFORMS},
  volume    = 57,
  number    = 5,
  pages     = {1287--1297},
  month     = oct,
  year      = 2009,
  issn      = {0030-364X},
  doi       = {10.1287/opre.1080.0665}
}

@article{Jose2014-uh,
  title     = {Trimmed Opinion Pools and the Crowd's Calibration Problem},
  author    = {Jose, Victor Richmond R and Grushka-Cockayne, Yael and Lichtendahl Jr, Kenneth C},
  journal   = {Management Science},
  publisher = {INFORMS},
  volume    = 60,
  number    = 2,
  pages     = {463--475},
  month     = feb,
  year      = 2014,
  issn      = {0025-1909},
  doi       = {10.1287/mnsc.2013.1781}
}

@article{Jouini1996-fe,
  title     = {Copula Models for Aggregating Expert Opinions},
  author    = {Jouini, Mohamed N and Clemen, Robert T},
  journal   = {Operations Research},
  publisher = {INFORMS},
  volume    = 44,
  number    = 3,
  pages     = {444--457},
  month     = jun,
  year      = 1996,
  issn      = {0030-364X},
  doi       = {10.1287/opre.44.3.444}
}

@article{Kang1986-kq,
  title     = {Unstable Weights in the Combination of Forecasts},
  author    = {Kang, Heejoon},
  journal   = {Management Science},
  publisher = {INFORMS},
  volume    = 32,
  number    = 6,
  pages     = {683--695},
  month     = jun,
  year      = 1986,
  issn      = {0025-1909},
  doi       = {10.1287/mnsc.32.6.683}
}

@article{Kang2017-wt,
  title     = {Visualising forecasting algorithm performance using time series instance spaces},
  author    = {Kang, Yanfei and Hyndman, Rob J and Smith-Miles, Kate},
  journal   = {International Journal of Forecasting},
  publisher = {Elsevier},
  volume    = 33,
  number    = 2,
  pages     = {345--358},
  month     = apr,
  year      = 2017,
  issn      = {0169-2070},
  doi       = {10.1016/j.ijforecast.2016.09.004}
}

@article{Kang2020-rl,
  title     = {{{GRATIS}}: {GeneRAting} {TIme} {Series} with diverse and controllable characteristics},
  author    = {Kang, Yanfei and Hyndman, Rob J and Li, Feng},
  journal   = {Statistical Analysis and Data Mining},
  publisher = {Wiley},
  volume    = 13,
  number    = 4,
  pages     = {354--376},
  month     = aug,
  year      = 2020,
  copyright = {http://onlinelibrary.wiley.com/termsAndConditions\#vor},
  issn      = {1932-1864, 1932-1872},
  doi       = {10.1002/sam.11461}
}

@article{Kang2020-sa,
  title     = {D{\'e}j{\`a} vu: A data-centric forecasting approach through time series cross-similarity},
  author    = {Kang, Yanfei and Spiliotis, Evangelos and Petropoulos, Fotios and Athiniotis, Nikolaos and Li, Feng and Assimakopoulos, Vassilios},
  journal   = {Journal of Business Research},
  publisher = {Elsevier},
  month     = oct,
  year      = 2020,
  issn      = {0148-2963},
  doi       = {10.1016/j.jbusres.2020.10.051}
}

@article{Kang2021-ol,
  title     = {Forecast with forecasts: Diversity matters},
  author    = {Kang, Yanfei and Cao, Wei and Petropoulos, Fotios and Li, Feng},
  journal   = {European Journal of Operational Research},
  publisher = {Elsevier},
  month     = oct,
  year      = 2021,
  issn      = {0377-2217},
  doi       = {10.1016/j.ejor.2021.10.024}
}

@article{Kapetanios2015-bb,
  title     = {Generalised density forecast combinations},
  author    = {Kapetanios, G and Mitchell, J and Price, S and Fawcett, N},
  journal   = {Journal of Econometrics},
  publisher = {Elsevier},
  volume    = 188,
  number    = 1,
  pages     = {150--165},
  month     = sep,
  year      = 2015,
  issn      = {0304-4076},
  doi       = {10.1016/j.jeconom.2015.02.047}
}

@article{Kim2021-wa,
  title         = {Deep Quantile Aggregation},
  author        = {Kim, Taesup and Fakoor, Rasool and Mueller, Jonas and Tibshirani, Ryan J and Smola, Alexander J},
  month         = feb,
  year          = 2021,
  archiveprefix = {arXiv},
  eprint        = {2103.00083},
  primaryclass  = {stat.ML},
  arxivid       = {2103.00083}
}

@article{Kolassa2011-ai,
  title     = {Combining exponential smoothing forecasts using {Akaike} weights},
  author    = {Kolassa, Stephan},
  journal   = {International Journal of Forecasting},
  publisher = {Elsevier},
  volume    = 27,
  number    = 2,
  pages     = {238--251},
  month     = apr,
  year      = 2011,
  issn      = {0169-2070},
  doi       = {10.1016/j.ijforecast.2010.04.006}
}

@book{Koop-2003bayesian,
  title     = {Bayesian Econometrics},
  author    = {Koop, Gary},
  publisher = {Wiley},
  year      = {2003}
}

@article{Koop2003-nl,
  title     = {Forecasting in large macroeconomic panels using {Bayesian} model averaging},
  author    = {Koop, Gary M and Potter, Simon},
  journal   = {SSRN Electronic Journal},
  publisher = {Elsevier BV},
  year      = 2003,
  issn      = {1556-5068},
  doi       = {10.2139/ssrn.892860}
}

@article{Kourentzes2014-hs,
  title     = {Neural network ensemble operators for time series forecasting},
  author    = {Kourentzes, Nikolaos and Barrow, Devon K and Crone, Sven F},
  journal   = {Expert Systems with Applications},
  publisher = {Elsevier},
  volume    = 41,
  number    = 9,
  pages     = {4235--4244},
  month     = jul,
  year      = 2014,
  issn      = {0957-4174},
  doi       = {10.1016/j.eswa.2013.12.011}
}

@article{Kourentzes2014-wz,
  title     = {Improving forecasting by estimating time series structural components across multiple frequencies},
  author    = {Kourentzes, Nikolaos and Petropoulos, Fotios and Trapero, Juan R},
  journal   = {International Journal of Forecasting},
  publisher = {Elsevier},
  volume    = 30,
  number    = 2,
  pages     = {291--302},
  month     = apr,
  year      = 2014,
  issn      = {0169-2070},
  doi       = {10.1016/j.ijforecast.2013.09.006}
}

@article{Kourentzes2016-qq,
  title     = {Forecasting with multivariate temporal aggregation: The case of promotional modelling},
  author    = {Kourentzes, Nikolaos and Petropoulos, Fotios},
  journal   = {International Journal of Production Economics},
  publisher = {Elsevier},
  volume    = 181,
  pages     = {145--153},
  month     = nov,
  year      = 2016,
  issn      = {0925-5273},
  doi       = {10.1016/j.ijpe.2015.09.011}
}

@article{Kourentzes2017-xe,
  title     = {Demand forecasting by temporal aggregation: Using optimal or multiple aggregation levels?},
  author    = {Kourentzes, Nikolaos and Rostami-Tabar, Bahman and Barrow, Devon K},
  journal   = {Journal of Business Research},
  publisher = {Elsevier},
  volume    = 78,
  pages     = {1--9},
  month     = sep,
  year      = 2017,
  issn      = {0148-2963},
  doi       = {10.1016/j.jbusres.2017.04.016}
}

@article{Kourentzes2019-na,
  title     = {Another look at forecast selection and combination: Evidence from forecast pooling},
  author    = {Kourentzes, Nikolaos and Barrow, Devon and Petropoulos, Fotios},
  journal   = {International Journal of Production Economics},
  publisher = {Elsevier Ltd},
  volume    = 209,
  number    = {February 2018},
  pages     = {226--235},
  month     = mar,
  year      = 2019,
  issn      = {0925-5273},
  doi       = {10.1016/j.ijpe.2018.05.019}
}

@article{Krasnopolsky2012-xu,
  title     = {A neural network nonlinear multimodel ensemble to improve precipitation forecasts over continental {US}},
  author    = {Krasnopolsky, Vladimir M and Lin, Ying},
  journal   = {Advances in Meteorology},
  publisher = {Hindawi},
  volume    = 2012,
  year      = 2012,
  doi       = {10.1155/2012/649450}
}

@article{Kullback1951-hl,
  title     = {On information and sufficiency},
  author    = {Kullback, S and Leibler, R A},
  journal   = {Annals of Mathematical Statistics},
  publisher = {JSTOR},
  year      = 1951,
  volume    = 22,
  number    = 1
}

@article{Lahiri2015-qq,
  title     = {Testing the Value of Probability Forecasts for Calibrated Combining},
  author    = {Lahiri, Kajal and Peng, Huaming and Zhao, Yongchen},
  journal   = {International Journal of Forecasting},
  publisher = {Elsevier},
  volume    = 31,
  number    = 1,
  pages     = {113--129},
  month     = jan,
  year      = 2015,
  issn      = {0169-2070},
  pmid      = {25530646},
  doi       = {10.1016/j.ijforecast.2014.03.005},
  pmc       = {PMC4267129}
}

@article{Larrick2006-sr,
  title     = {Intuitions about combining opinions: Misappreciation of the averaging principle},
  author    = {Larrick, R P and Soll, J B},
  journal   = {Management Science},
  publisher = {pubsonline.informs.org},
  year      = 2006,
  issn      = {0025-1909}
}

@book{Leamer1978-sp,
  title     = {Specification searches},
  author    = {Leamer, Edward E},
  year      = {1978},
  publisher = {Wiley}
}

@article{Lemke2010-wn,
  title     = {Meta-learning for time series forecasting and forecast combination},
  author    = {Lemke, Christiane and Gabrys, Bogdan},
  journal   = {Neurocomputing},
  publisher = {Elsevier},
  volume    = 73,
  number    = 10,
  pages     = {2006--2016},
  month     = jun,
  year      = 2010,
  issn      = {0925-2312},
  doi       = {10.1016/j.neucom.2009.09.020}
}

@article{Li2020-od,
  title     = {Forecasting with time series imaging},
  author    = {Li, Xixi and Kang, Yanfei and Li, Feng},
  journal   = {Expert Systems with Applications},
  publisher = {Elsevier BV},
  volume    = 160,
  number    = 113680,
  pages     = {113680},
  month     = dec,
  year      = 2020,
  issn      = {0957-4174, 1873-6793},
  doi       = {10.1016/j.eswa.2020.113680}
}

@article{Li2021-gk,
  title         = {Bayesian forecast combination using time-varying features},
  author        = {Li, Li and Kang, Yanfei and Li, Feng},
  month         = aug,
  year          = 2021,
  archiveprefix = {arXiv},
  eprint        = {2108.02082},
  primaryclass  = {econ.EM},
  arxivid       = {2108.02082}
}

@article{Lichtendahl2013-rt,
  title     = {Is it better to average probabilities or quantiles?},
  author    = {Lichtendahl Jr, Kenneth C and Grushka-Cockayne, Yael and Winkler, Robert L},
  journal   = {Management Science},
  publisher = {Institute for Operations Research and the Management Sciences (INFORMS)},
  volume    = 59,
  number    = 7,
  pages     = {1594--1611},
  month     = jul,
  year      = 2013,
  issn      = {0025-1909, 1526-5501},
  doi       = {10.1287/mnsc.1120.1667}
}

@article{Lichtendahl2020-ut,
  title   = {Why do some combinations perform better than others?},
  author  = {Lichtendahl Jr, Kenneth C and Winkler, Robert L},
  journal = {International Journal of Forecasting},
  volume  = 36,
  number  = 1,
  pages   = {142--149},
  month   = jan,
  year    = 2020,
  issn    = {0169-2070},
  doi     = {10.1016/j.ijforecast.2019.03.027}
}

@article{Lorenz1963-yn,
  title     = {Deterministic Nonperiodic Flow},
  author    = {Lorenz, Edward N},
  journal   = {Journal of Atmospheric Sciences},
  publisher = {American Meteorological Society},
  volume    = 20,
  number    = 2,
  pages     = {130--141},
  month     = mar,
  year      = 1963,
  language  = {en}
}

@article{Lubba2019-ds,
  title     = {catch22: {CAnonical Time-series CHaracteristics}},
  author    = {Lubba, Carl H and Sethi, Sarab S and Knaute, Philip and Schultz, Simon R and Fulcher, Ben D and Jones, Nick S},
  journal   = {Data Mining and Knowledge Discovery},
  publisher = {Springer},
  volume    = 33,
  number    = 6,
  pages     = {1821--1852},
  month     = nov,
  year      = 2019,
  issn      = {1384-5810, 1573-756X},
  doi       = {10.1007/s10618-019-00647-x}
}

@article{Ma2021-np,
  title     = {Retail sales forecasting with meta-learning},
  author    = {Ma, Shaohui and Fildes, Robert},
  journal   = {European Journal of Operational Research},
  publisher = {Elsevier},
  volume    = 288,
  number    = 1,
  pages     = {111--128},
  month     = jan,
  year      = 2021,
  issn      = {0377-2217},
  doi       = {10.1016/j.ejor.2020.05.038}
}

@article{Makridakis1982-hb,
  title     = {The accuracy of extrapolation (time series) methods: Results of a forecasting competition},
  author    = {Makridakis, S and Andersen, A and Carbone, R and Fildes, R and Hibon, M and Lewandowski, R and Newton, J and Parzen, E and Winkler, R},
  journal   = {Journal of Forecasting},
  publisher = {Wiley},
  volume    = 1,
  number    = 2,
  pages     = {111--153},
  month     = apr,
  year      = 1982,
  issn      = {0277-6693, 1099-131X},
  doi       = {10.1002/for.3980010202}
}

@misc{Makridakis1983-hg,
  title   = {Averages of Forecasts: Some Empirical Results},
  author  = {Makridakis, Spyros and Winkler, Robert L},
  journal = {Management Science},
  volume  = 29,
  number  = 9,
  pages   = {987--996},
  year    = 1983,
  doi     = {10.1287/mnsc.29.9.987}
}

@article{Makridakis1996-cf,
  title     = {Forecasting: its role and value for planning and strategy},
  author    = {Makridakis, Spyros},
  journal   = {International Journal of Forecasting},
  publisher = {Elsevier},
  volume    = 12,
  number    = 4,
  pages     = {513--537},
  month     = dec,
  year      = 1996,
  issn      = {0169-2070},
  doi       = {10.1016/S0169-2070(96)00677-2}
}

@article{Makridakis2000-he,
  title     = {The {M3-Competition}: results, conclusions and implications},
  author    = {Makridakis, Spyros and Hibon, Mich{\`e}le},
  journal   = {International Journal of Forecasting},
  publisher = {Elsevier},
  volume    = 16,
  number    = 4,
  pages     = {451--476},
  month     = oct,
  year      = 2000,
  issn      = {0169-2070},
  doi       = {10.1016/S0169-2070(00)00057-1}
}

@article{Makridakis2020-fn,
  title   = {The {M5} accuracy competition: Results, findings and conclusions},
  author  = {Makridakis, S and Spiliotis, E and Assimakopoulos, V},
  journal = {International Journal of Forecasting},
  year    = 2020,
  doi     = {10.1016/j.ijforecast.2021.11.013}
}

@article{Makridakis2020-hu,
  title   = {The {M4} Competition: 100,000 time series and 61 forecasting methods},
  author  = {Makridakis, Spyros and Spiliotis, Evangelos and Assimakopoulos, Vassilios},
  journal = {International Journal of Forecasting},
  volume  = 36,
  number  = 1,
  pages   = {54--74},
  month   = jan,
  year    = 2020,
  issn    = {0169-2070},
  doi     = {10.1016/j.ijforecast.2019.04.014}
}

@article{Makridakis2020-lz,
  title   = {The {M5} {Uncertainty} competition: Results, findings and conclusions},
  author  = {Makridakis, S and Spiliotis, E and Assimakopoulos, V and Chen, Z and Gaba, A and Tsetlin, I and Winkler, RL},
  journal = {International Journal of Forecasting},
  pages   = {1--24},
  year    = 2020,
  doi     = {10.1016/j.ijforecast.2021.10.009}
}

@article{Mannes2014-dl,
  title     = {The wisdom of select crowds},
  author    = {Mannes, Albert E and Soll, Jack B and Larrick, Richard P},
  journal   = {Journal of Personality and Social Psychology},
  publisher = {psycnet.apa.org},
  volume    = 107,
  number    = 2,
  pages     = {276--299},
  month     = aug,
  year      = 2014,
  issn      = {0022-3514, 1939-1315},
  pmid      = {25090129},
  doi       = {10.1037/a0036677}
}

@article{Maqsood2004-pe,
  title   = {An ensemble of neural networks for weather forecasting},
  author  = {Maqsood, Imran and Khan, Muhammad Riaz and Abraham, Ajith},
  journal = {Neural Computing \& Applications},
  volume  = 13,
  number  = 2,
  pages   = {112--122},
  month   = jun,
  year    = 2004,
  issn    = {0941-0643, 1433-3058},
  doi     = {10.1007/s00521-004-0413-4}
}

@article{Martin2021-yi,
  title     = {Optimal probabilistic forecasts: When do they work?},
  author    = {Martin, Gael M and Loaiza-Maya, Rub\'{e}n and Maneesoonthorn, Worapree and Frazier, David T and Ram\'{i}rez-Hassan, Andr\'{e}s},
  journal   = {International Journal of Forecasting},
  publisher = {Elsevier},
  month     = jul,
  year      = 2021,
  issn      = {0169-2070},
  doi       = {10.1016/j.ijforecast.2021.05.008}
}

@article{Mass2003-bc,
  title     = {{IFPS} and the Future of the National Weather Service},
  author    = {Mass, Clifford F},
  journal   = {Weather and Forecasting},
  publisher = {American Meteorological Society},
  volume    = 18,
  number    = 1,
  pages     = {75--79},
  month     = feb,
  year      = 2003,
  issn      = {0882-8156, 1520-0434},
  doi       = {10.1175/1520-0434(2003)018<0075:IATFOT>2.0.CO;2}
}

@article{McAlinn2019-kn,
  title     = {Dynamic {Bayesian} predictive synthesis in time series forecasting},
  author    = {McAlinn, Kenichiro and West, Mike},
  journal   = {Journal of Econometrics},
  publisher = {Elsevier},
  volume    = 210,
  number    = 1,
  pages     = {155--169},
  month     = may,
  year      = 2019,
  issn      = {0304-4076},
  doi       = {10.1016/j.jeconom.2018.11.010}
}

@article{McAlinn2020-qq,
  title     = {Multivariate Bayesian Predictive Synthesis in Macroeconomic Forecasting},
  author    = {McAlinn, Kenichiro and Aastveit, Knut Are and Nakajima, Jouchi and West, Mike},
  journal   = {Journal of the American Statistical Association},
  publisher = {Taylor \& Francis},
  volume    = 115,
  number    = 531,
  pages     = {1092--1110},
  month     = jul,
  year      = 2020,
  issn      = {0162-1459},
  doi       = {10.1080/01621459.2019.1660171}
}

@article{McNees1992-qc,
  title     = {The uses and abuses of `consensus' forecasts},
  author    = {McNees, Stephen K},
  journal   = {Journal of Forecasting},
  publisher = {Wiley},
  volume    = 11,
  number    = 8,
  pages     = {703--710},
  month     = dec,
  year      = 1992,
  issn      = {0277-6693, 1099-131X},
  doi       = {10.1002/for.3980110807}
}

@article{Ming_Shi1999-vs,
  title     = {Improving the accuracy of nonlinear combined forecasting using neural networks},
  author    = {Shi, Shan Ming and Da Xu, Li and Liu, Bao},
  journal   = {Expert Systems with Applications},
  publisher = {Elsevier},
  volume    = 16,
  number    = 1,
  pages     = {49--54},
  month     = jan,
  year      = 1999,
  issn      = {0957-4174},
  doi       = {10.1016/S0957-4174(98)00030-X}
}

@article{Montero-Manso2020-tq,
  title     = {{FFORMA}: {Feature}-based forecast model averaging},
  author    = {Montero-Manso, Pablo and Athanasopoulos, George and Hyndman, Rob J and Talagala, Thiyanga S},
  journal   = {International Journal of Forecasting},
  publisher = {Elsevier B.V.},
  volume    = 36,
  number    = 1,
  pages     = {86--92},
  month     = jan,
  year      = 2020,
  issn      = {0169-2070},
  doi       = {10.1016/j.ijforecast.2019.02.011}
}

@article{Moon2020-ls,
  title     = {Combination of short-term load forecasting models based on a stacking ensemble approach},
  author    = {Moon, Jihoon and Jung, Seungwon and Rew, Jehyeok and Rho, Seungmin and Hwang, Eenjun},
  journal   = {Energy and Buildings},
  publisher = {Elsevier B.V.},
  volume    = 216,
  pages     = {109921},
  month     = jun,
  year      = 2020,
  issn      = {0378-7788},
  doi       = {10.1016/j.enbuild.2020.109921}
}

@article{Moral-Benito2015-zh,
  title     = {Model averaging in economics: An overview},
  author    = {Moral-Benito, Enrique},
  journal   = {Journal of Economic Surveys},
  publisher = {Wiley},
  volume    = 29,
  number    = 1,
  pages     = {46--75},
  month     = feb,
  year      = 2015,
  copyright = {http://onlinelibrary.wiley.com/termsAndConditions\#vor},
  issn      = {0950-0804, 1467-6419},
  doi       = {10.1111/joes.12044}
}

@article{Morris1974-yh,
  title     = {Decision analysis expert use},
  author    = {Morris, P A},
  journal   = {Management Science},
  publisher = {pubsonline.informs.org},
  year      = 1974,
  volume    = 20,
  number    = 9,
  doi       = {10.1287/mnsc.20.9.1233}
}

@article{Morris1977-xl,
  title     = {Combining expert judgments: A Bayesian approach},
  author    = {Morris, P A},
  journal   = {Management Science},
  publisher = {pubsonline.informs.org},
  year      = 1977,
  volume    = 23,
  number    = 7,
  doi       = {Combining expert judgments: A Bayesian approach}
}

@article{Newbold1974-lp,
  title     = {Experience with forecasting univariate time series and the combination of forecasts},
  author    = {Newbold, P and Granger, C W J},
  journal   = {Journal of the Royal Statistical Society. Series A},
  publisher = {JSTOR},
  volume    = 137,
  number    = 2,
  pages     = {131},
  year      = 1974,
  issn      = {0035-9238, 2397-2327},
  doi       = {10.2307/2344546}
}

@incollection{Newbold2002-wa,
  title     = {Forecast combination and encompassing},
  author    = {Newbold, P and Harvey, D I},
  booktitle = {A companion to economic forecasting},
  editor    = {Clements, M P and Hendry, D F},
  publisher = {Blackwell Publishing},
  year      = 2002,
  chapter   = {12}
}

@article{Nowotarski2014-ev,
  title     = {An empirical comparison of alternative schemes for combining electricity spot price forecasts},
  author    = {Nowotarski, Jakub and Raviv, Eran and Tr{\"u}ck, Stefan and Weron, Rafa{\l}},
  journal   = {Energy Economics},
  publisher = {Elsevier},
  volume    = 46,
  pages     = {395--412},
  month     = nov,
  year      = 2014,
  issn      = {0140-9883},
  doi       = {10.1016/j.eneco.2014.07.014}
}

@book{OHagan2006-jk,
  title     = {Uncertain Judgements: Eliciting Experts' Probabilities},
  author    = {O'Hagan, Anthony and Buck, Caitlin E and Daneshkhah, Alireza and Richard Eiser, J and Garthwaite, Paul H and Jenkinson, David J and Oakley, Jeremy E and Rakow, Tim},
  publisher = {John Wiley \& Sons},
  month     = aug,
  year      = 2006,
  isbn      = {9780470033302}
}

@article{Oller1978-wx,
  title     = {A Method for Pooling Forecasts},
  author    = {{\"O}ller, L-E},
  journal   = {Journal of the Operational Research Society},
  publisher = {Taylor \& Francis},
  volume    = 29,
  number    = 1,
  pages     = {55--63},
  month     = jan,
  year      = 1978,
  issn      = {0160-5682},
  doi       = {10.1057/jors.1978.8}
}

@article{Opschoor2017-yu,
  title     = {Combining density forecasts using focused scoring rules},
  author    = {Opschoor, Anne and van Dijk, Dick and van der Wel, Michel},
  journal   = {Journal of Applied Economics},
  publisher = {Wiley},
  volume    = 32,
  number    = 7,
  pages     = {1298--1313},
  month     = nov,
  year      = 2017,
  copyright = {http://creativecommons.org/licenses/by/4.0/},
  issn      = {1514-0326},
  doi       = {10.1002/jae.2575}
}

@article{Palm1992-im,
  title     = {To combine or not to combine? issues of combining forecasts},
  author    = {Palm, Franz C and Zellner, Arnold},
  journal   = {Journal of Forecasting},
  publisher = {Wiley},
  volume    = 11,
  number    = 8,
  pages     = {687--701},
  month     = dec,
  year      = 1992,
  issn      = {0277-6693, 1099-131X},
  doi       = {10.1002/for.3980110806}
}

@article{Park2015-zn,
  title     = {Aggregating multiple probability intervals to improve calibration},
  author    = {Park, Saemi and Budescu, David V},
  journal   = {Judgment and Decision Making},
  publisher = {Society for Judgment \& Decision Making},
  volume    = 10,
  number    = 2,
  pages     = {130},
  year      = 2015
}

@article{Patton2007-zo,
  title     = {Properties of optimal forecasts under asymmetric loss and nonlinearity},
  author    = {Patton, Andrew J and Timmermann, Allan},
  journal   = {Journal of Econometrics},
  publisher = {Elsevier},
  volume    = 140,
  number    = 2,
  pages     = {884--918},
  month     = oct,
  year      = 2007,
  issn      = {0304-4076},
  doi       = {10.1016/j.jeconom.2006.07.018}
}

@article{Pauwels2016-ci,
  title     = {A note on the estimation of optimal weights for density forecast combinations},
  author    = {Pauwels, Laurent L and Vasnev, Andrey L},
  journal   = {International Journal of Forecasting},
  publisher = {Elsevier},
  volume    = 32,
  number    = 2,
  pages     = {391--397},
  month     = apr,
  year      = 2016,
  issn      = {0169-2070},
  doi       = {10.1016/j.ijforecast.2015.09.002}
}

@article{Pauwels2020-zl,
  title     = {Higher Moment Constraints for Predictive Density Combination},
  author    = {Pauwels, Laurent L and Radchenko, Peter and Vasnev, Andrey L},
  month     = may,
  year      = 2020,
  doi       = {10.2139/ssrn.3593124},
  publisher = {CAMA Working Paper}
}

@article{Pawlikowski2020-hm,
  title   = {Weighted ensemble of statistical models},
  author  = {Pawlikowski, Maciej and Chorowska, Agata},
  journal = {International Journal of Forecasting},
  volume  = 36,
  number  = 1,
  pages   = {93--97},
  month   = jan,
  year    = 2020,
  issn    = {0169-2070},
  doi     = {10.1016/j.ijforecast.2019.03.019}
}

@article{Petropoulos2014-uy,
  title     = {'Horses for Courses' in demand forecasting},
  author    = {Petropoulos, Fotios and Makridakis, Spyros and Assimakopoulos, Vassilios and Nikolopoulos, Konstantinos},
  journal   = {European Journal of Operational Research},
  volume    = {237},
  number    = {1},
  pages     = {152--163},
  publisher = {Elsevier},
  year      = 2014
}

@article{Petropoulos2018-ad,
  title     = {Judgmental selection of forecasting models},
  author    = {Petropoulos, Fotios and Kourentzes, Nikolaos and Nikolopoulos, Konstantinos and Siemsen, Enno},
  journal   = {Journal of Operations Management},
  publisher = {Elsevier},
  volume    = 60,
  pages     = {34--46},
  month     = may,
  year      = 2018,
  issn      = {0272-6963},
  doi       = {10.1016/j.jom.2018.05.005}
}

@article{Petropoulos2018-fw,
  title     = {Exploring the sources of uncertainty: {Why} does bagging for time series forecasting work?},
  author    = {Petropoulos, Fotios and Hyndman, Rob J and Bergmeir, Christoph},
  journal   = {European Journal of Operational Research},
  publisher = {Elsevier BV},
  volume    = 268,
  number    = 2,
  pages     = {545--554},
  month     = jul,
  year      = 2018,
  issn      = {0377-2217, 1872-6860},
  doi       = {10.1016/j.ejor.2018.01.045}
}

@article{Petropoulos2020-fp,
  title     = {A simple combination of univariate models},
  author    = {Petropoulos, Fotios and Svetunkov, Ivan},
  journal   = {International Journal of Forecasting},
  publisher = {Elsevier BV},
  volume    = 36,
  number    = 1,
  pages     = {110--115},
  month     = jan,
  year      = 2020,
  issn      = {0169-2070, 1872-8200},
  doi       = {10.1016/j.ijforecast.2019.01.006}
}

@article{Petropoulos2021-ft,
  title   = {Forecasting: theory and practice},
  author  = {Fotios Petropoulos and Daniele Apiletti and Vassilios Assimakopoulos and Mohamed Zied Babai and Devon K. Barrow and Souhaib Ben Taieb and Christoph Bergmeir and Ricardo J. Bessa and Jakub Bijak and John E. Boylan and Jethro Browell and Claudio Carnevale and Jennifer L. Castle and Pasquale Cirillo and Michael P. Clements and Clara Cordeiro and Fernando Luiz Cyrino Oliveira and Shari De Baets and Alexander Dokumentov and Joanne Ellison and Piotr Fiszeder and Philip Hans Franses and David T. Frazier and Michael Gilliland and M. Sinan Gönül and Paul Goodwin and Luigi Grossi and Yael Grushka-Cockayne and Mariangela Guidolin and Massimo Guidolin and Ulrich Gunter and Xiaojia Guo and Renato Guseo and Nigel Harvey and David F. Hendry and Ross Hollyman and Tim Januschowski and Jooyoung Jeon and Victor Richmond R. Jose and Yanfei Kang and Anne B. Koehler and Stephan Kolassa and Nikolaos Kourentzes and Sonia Leva and Feng Li and Konstantia Litsiou and Spyros Makridakis and Gael M. Martin and Andrew B. Martinez and Sheik Meeran and Theodore Modis and Konstantinos Nikolopoulos and Dilek Önkal and Alessia Paccagnini and Anastasios Panagiotelis and Ioannis Panapakidis and Jose M. Pavía and Manuela Pedio and Diego J. Pedregal and Pierre Pinson and Patrícia Ramos and David E. Rapach and J. James Reade and Bahman Rostami-Tabar and Michał Rubaszek and Georgios Sermpinis and Han Lin Shang and Evangelos Spiliotis and Aris A. Syntetos and Priyanga Dilini Talagala and Thiyanga S. Talagala and Len Tashman and Dimitrios Thomakos and Thordis Thorarinsdottir and Ezio Todini and Juan Ramón Trapero Arenas and Xiaoqian Wang and Robert L. Winkler and Alisa Yusupova and Florian Ziel},
  year    = {2021},
  journal = {International Journal of Forecasting}
}

@manual{pKats,
  title  = {{Kats}},
  author = {{Facebook's Infrastructure Data Science team}},
  year   = 2021,
  note   = {Python package version 0.1.0},
  url    = {https://facebookresearch.github.io/Kats/}
}

@article{Poncela2011-vz,
  title     = {Forecast combination through dimension reduction techniques},
  author    = {Poncela, Pilar and Rodr\'{i}guez, Julio and S\'{a}nchez-Mangas, Roc\'{i}o and Senra, Eva},
  journal   = {International Journal of Forecasting},
  publisher = {Elsevier},
  volume    = 27,
  number    = 2,
  pages     = {224--237},
  month     = apr,
  year      = 2011,
  issn      = {0169-2070},
  doi       = {10.1016/j.ijforecast.2010.01.012}
}

@article{qi2001investigation,
  title     = {An investigation of model selection criteria for neural network time series forecasting},
  author    = {Qi, Min and Zhang, Guoqiang Peter},
  journal   = {European Journal of Operational Research},
  volume    = {132},
  number    = {3},
  pages     = {666--680},
  year      = {2001},
  publisher = {Elsevier}
}

@article{Raftery1997-ij,
  title     = {Bayesian Model Averaging for Linear Regression Models},
  author    = {Raftery, Adrian E and Madigan, David and Hoeting, Jennifer A},
  journal   = {Journal of the American Statistical Association},
  publisher = {Taylor \& Francis},
  volume    = 92,
  number    = 437,
  pages     = {179--191},
  month     = mar,
  year      = 1997,
  issn      = {0162-1459},
  doi       = {10.1080/01621459.1997.10473615}
}

@article{Raftery2005-vu,
  title     = {Using {Bayesian} model averaging to calibrate forecast ensembles},
  author    = {Raftery, Adrian E and Gneiting, Tilmann and Balabdaoui, Fadoua and Polakowski, Michael},
  journal   = {Monthly Weather Review},
  publisher = {American Meteorological Society},
  volume    = 133,
  number    = 5,
  pages     = {1155--1174},
  month     = may,
  year      = 2005,
  issn      = {0027-0644, 1520-0493},
  doi       = {10.1175/mwr2906.1}
}

@article{Raftery2005-xi,
  title     = {Using Bayesian Model Averaging to Calibrate Forecast Ensembles},
  author    = {Raftery, Adrian E and Gneiting, Tilmann and Balabdaoui, Fadoua and Polakowski, Michael},
  journal   = {Monthly Weather Review},
  publisher = {American Meteorological Society},
  volume    = 133,
  number    = 5,
  pages     = {1155--1174},
  month     = may,
  year      = 2005,
  issn      = {0027-0644, 1520-0493},
  doi       = {10.1175/MWR2906.1}
}

@article{Raftery2010-qe,
  title     = {Online Prediction Under Model Uncertainty via Dynamic Model Averaging: Application to a Cold Rolling Mill},
  author    = {Raftery, Adrian E and K\'{a}rn\'{y}, Miroslav and Ettler, Pavel},
  journal   = {Technometrics},
  publisher = {Taylor \& Francis},
  volume    = 52,
  number    = 1,
  pages     = {52--66},
  month     = feb,
  year      = 2010,
  issn      = {0040-1706},
  doi       = {10.1198/TECH.2009.08104},
  pmc       = {pmc2895940}
}

@article{Ranjan2010-jl,
  title     = {Combining probability forecasts},
  author    = {Ranjan, Roopesh and Gneiting, Tilmann},
  journal   = {Journal of the Royal Statistical Society: Series B (Statistical Methodology)},
  publisher = {Wiley},
  volume    = 72,
  number    = 1,
  pages     = {71--91},
  month     = jan,
  year      = 2010,
  issn      = {1369-7412, 1467-9868},
  doi       = {10.1111/j.1467-9868.2009.00726.x}
}

@article{Rapach2008-jh,
  title     = {Forecasting {US} employment growth using forecast combining methods},
  author    = {Rapach, David E and Strauss, Jack K},
  journal   = {Journal of Forecasting},
  publisher = {Wiley},
  volume    = 27,
  number    = 1,
  pages     = {75--93},
  month     = jan,
  year      = 2008,
  issn      = {0277-6693, 1099-131X},
  doi       = {10.1002/for.1051}
}

@article{Rasp2018-zu,
  title     = {Neural Networks for Postprocessing Ensemble Weather Forecasts},
  author    = {Rasp, Stephan and Lerch, Sebastian},
  journal   = {Monthly Weather Review},
  publisher = {American Meteorological Society},
  volume    = 146,
  number    = 11,
  pages     = {3885--3900},
  month     = nov,
  year      = 2018,
  issn      = {0027-0644, 1520-0493},
  doi       = {10.1175/MWR-D-18-0187.1}
}

@article{Rasp2021-az,
  title     = {Data‐driven medium‐range weather prediction with a resnet pretrained on climate simulations: A new model for {WeatherBench}},
  author    = {Rasp, Stephan and Thuerey, Nils},
  journal   = {Journal of Advances in Modeling Earth Systems},
  publisher = {American Geophysical Union (AGU)},
  volume    = 13,
  number    = 2,
  month     = feb,
  year      = 2021,
  issn      = {1942-2466},
  doi       = {10.1029/2020ms002405}
}

@article{Ratcliff1979-cb,
  title     = {Group reaction time distributions and an analysis of distribution statistics},
  author    = {Ratcliff, R},
  journal   = {Psychological Bulletin},
  publisher = {psycnet.apa.org},
  volume    = 86,
  number    = 3,
  pages     = {446--461},
  month     = may,
  year      = 1979,
  issn      = {0033-2909},
  pmid      = {451109}
}

@article{Ray2020-qg,
  title        = {Ensemble Forecasts of {Coronavirus Disease} 2019 ({COVID}-19) in the {U.S.}},
  author       = {Ray, Evan L and Wattanachit, Nutcha and Niemi, Jarad and Kanji, Abdul Hannan and House, Katie and Cramer, Estee Y and Bracher, Johannes and Zheng, Andrew and Yamana, Teresa K and Xiong, Xinyue and Woody, Spencer and Wang, Yuanjia and Wang, Lily and Walraven, Robert L and Tomar, Vishal and Sherratt, Katharine and Sheldon, Daniel and Reiner, Robert C and Prakash, B. Aditya and Osthus, Dave and Li, Michael Lingzhi and Lee, Elizabeth C and Koyluoglu, Ugur and Keskinocak, Pinar and Gu, Youyang and Gu, Quanquan and George, Glover E. and Espa{\~n}a, Guido and Corsetti, Sabrina and Chhatwal, Jagpreet and Cavany, Sean and Biegel, Hannah and Ben-Nun, Michal and Walker, Jo and Slayton, Rachel and Lopez, Velma and Biggerstaff, Matthew and Johansson, Michael A and Reich, Nicholas G and on behalf of the COVID-19 Forecast Hub Consortium},
  elocation-id = {2020.08.19.20177493},
  year         = 2020,
  doi          = {10.1101/2020.08.19.20177493},
  publisher    = {Cold Spring Harbor Laboratory Press},
  url          = {https://www.medrxiv.org/content/early/2020/08/22/2020.08.19.20177493},
  eprint       = {https://www.medrxiv.org/content/early/2020/08/22/2020.08.19.20177493.full.pdf},
  journal      = {MedRxiv}
}

@article{Rendon-Sanchez2019-qm,
  title     = {Structural combination of seasonal exponential smoothing forecasts applied to load forecasting},
  author    = {Rendon-Sanchez, Juan F and De Menezes, Lilian M},
  journal   = {European Journal of Operational Research},
  publisher = {Elsevier B.V.},
  volume    = 275,
  number    = 3,
  pages     = {916--924},
  month     = jun,
  year      = 2019,
  issn      = {0377-2217},
  doi       = {10.1016/j.ejor.2018.12.013}
}

@manual{rfable,
  title  = {fable: {Forecasting} Models for Tidy Time Series},
  author = {O'Hara-Wild, Mitchell and Hyndman, Rob J and Wang, Earo and Caceres, Gabriel and Hensel, Tim-Gunnar and Hyndman, Timothy},
  year   = {2021},
  note   = {R package version 0.3.1},
  url    = {https://CRAN.R-project.org/package=fable}
}

@manual{rfeasts,
  title  = {{feasts}: {Feature Extraction and Statistics for Time Series}},
  author = {O’Hara-Wild, Mitchell and Hyndman, Rob J and Wang, Earo and Cook, Di and Talagala, Thiyanga S and Chhay, Leanne},
  year   = 2021,
  note   = {R package version 0.2.2},
  url    = {https://CRAN.R-project.org/package=feasts}
}

@manual{rforecast,
  title  = {{forecast}: Forecasting functions for time series and linear models},
  author = {Rob Hyndman and George Athanasopoulos and Christoph Bergmeir and Gabriel Caceres and Leanne Chhay and Mitchell O'Hara-Wild and Fotios Petropoulos and Slava Razbash and Earo Wang and Farah Yasmeen},
  year   = 2021,
  note   = {R package version 8.15},
  url    = {https://pkg.robjhyndman.com/forecast/}
}

@manual{rForecastComb,
  title  = {{ForecastComb}: {Forecast} Combination Methods},
  author = {Weiss, Christoph E and Roetzer, Gernot R and Raviv, Eran},
  year   = {2018},
  note   = {R package version 1.3.1},
  url    = {https://CRAN.R-project.org/package=ForecastComb}
}

@manual{rforecastHybrid,
  title  = {{forecastHybrid}: {Convenient} Functions for Ensemble Time Series Forecasts},
  author = {Shaub, David and Ellis, Peter},
  year   = {2018},
  note   = {R package version 5.0.19},
  url    = {https://CRAN.R-project.org/package=forecastHybrid}
}

@manual{rgratis,
  title  = {{gratis}: {GeneRAting TIme Series with diverse and controllable characteristics}},
  author = {Kang, Yanfei and Li, Feng and Hyndman, Rob J and O'Hara-Wild, Mitchell and Zhao, Bocong},
  year   = {2020},
  note   = {R package version 0.2-1},
  url    = {https://CRAN.R-project.org/package=gratis}
}

@article{Ribeiro2019-wk,
  title     = {Enhanced ensemble structures using wavelet neural networks applied to short-term load forecasting},
  author    = {Ribeiro, Gabriel Trierweiler and Mariani, Viviana Cocco and Coelho, Leandro dos Santos},
  journal   = {Engineering Applications of Artificial Intelligence},
  publisher = {Elsevier},
  volume    = 82,
  pages     = {272--281},
  month     = jun,
  year      = 2019,
  issn      = {0952-1976},
  doi       = {10.1016/j.engappai.2019.03.012}
}

@article{Ribeiro2020-mj,
  title     = {Ensemble approach based on bagging, boosting and stacking for short-term prediction in agribusiness time series},
  author    = {Ribeiro, Matheus Henrique Dal Molin and dos Santos Coelho, Leandro},
  journal   = {Applied Soft Computing},
  publisher = {Elsevier},
  volume    = 86,
  pages     = {105837},
  month     = jan,
  year      = 2020,
  issn      = {1568-4946},
  doi       = {10.1016/j.asoc.2019.105837}
}

@manual{rtsfeatures,
  title  = {{tsfeatures}: {Time Series Feature Extraction}},
  author = {Hyndman, Rob J and Kang, Yanfei and Montero-Manso, Pablo and Talagala, Thiyanga S and Wang, Earo and Yang, Yangzhuoran and O’Hara-Wild, Mitchell and Ben Taieb, Souhaib and Hanqing, Cao and Lake, D K and Laptev, Nikolay and Moorman, J R},
  year   = 2019,
  note   = {R package version 1.0.2},
  url    = {https://CRAN.R-project.org/package=tsfeatures}
}

@manual{rfforma,
  title  = {{M4metalearning}: {Metalearning Tools For Time Series Forecasting}},
  author = {Pablo Montero-Manso},
  year   = 2019,
  note   = {R package version 0.0.0.9000},
  url    = {https://github.com/robjhyndman/M4metalearning}
}

@article{Scher2018-dm,
  title     = {Predicting weather forecast uncertainty with machine learning},
  author    = {Scher, Sebastian and Messori, Gabriele},
  journal   = {Quarterly Journal of the Royal Meteorological Society},
  publisher = {Wiley},
  volume    = 144,
  number    = 717,
  pages     = {2830--2841},
  month     = oct,
  year      = 2018,
  copyright = {http://onlinelibrary.wiley.com/termsAndConditions\#vor},
  issn      = {0035-9009, 1477-870X},
  doi       = {10.1002/qj.3410}
}

@article{Scher2018-of,
  title     = {Toward data‐driven weather and climate forecasting: Approximating a simple general circulation model with deep learning},
  author    = {Scher, Sebastian},
  journal   = {Geophysical Research Letters},
  publisher = {American Geophysical Union (AGU)},
  volume    = 45,
  number    = 22,
  pages     = {12,616--12,622},
  month     = nov,
  year      = 2018,
  issn      = {0094-8276, 1944-8007},
  doi       = {10.1029/2018gl080704}
}

@article{Scher2021-ee,
  title     = {Ensemble methods for neural network‐based weather forecasts},
  author    = {Scher, Sebastian and Messori, Gabriele},
  journal   = {Journal of Advances in Modeling Earth Systems},
  publisher = {American Geophysical Union (AGU)},
  volume    = 13,
  number    = 2,
  month     = feb,
  year      = 2021,
  issn      = {1942-2466},
  doi       = {10.1029/2020ms002331}
}

@article{Schwarz1978-cz,
  title     = {Estimating the Dimension of a Model},
  author    = {Schwarz, Gideon},
  journal   = {Annals of Statistics},
  publisher = {Institute of Mathematical Statistics},
  volume    = 6,
  number    = 2,
  pages     = {461--464},
  month     = mar,
  year      = 1978,
  issn      = {0090-5364, 2168-8966},
  doi       = {10.1214/aos/1176344136}
}

@article{Semenoglou2020-xx,
  title     = {Investigating the accuracy of cross-learning time series forecasting methods},
  author    = {Semenoglou, Artemios-Anargyros and Spiliotis, Evangelos and Makridakis, Spyros and Assimakopoulos, Vassilios},
  journal   = {International Journal of Forecasting},
  publisher = {Elsevier},
  year      = 2020,
  volume    = 37,
  number    = 3,
  pages     = { 1072--1084},
  doi       = {10.1016/j.ijforecast.2020.11.009}
}

@article{Shaub2019-on,
  title     = {Fast and accurate yearly time series forecasting with forecast combinations},
  author    = {Shaub, David},
  journal   = {International Journal of Forecasting},
  publisher = {Elsevier},
  month     = aug,
  year      = 2019,
  issn      = {0169-2070},
  doi       = {10.1016/j.ijforecast.2019.03.032}
}

@article{Sloughter2010-ae,
  title     = {Probabilistic Wind Speed Forecasting Using Ensembles and Bayesian Model Averaging},
  author    = {Sloughter, J Mclean and Gneiting, Tilmann and Raftery, Adrian E},
  journal   = {Journal of the American Statistical Association},
  publisher = {Taylor \& Francis},
  volume    = 105,
  number    = 489,
  pages     = {25--35},
  month     = mar,
  year      = 2010,
  doi       = {10.1198/jasa.2009.ap08615}
}

@article{Smith2009-wd,
  title     = {A simple explanation of the forecast combination puzzle},
  author    = {Smith, Jeremy and Wallis, Kenneth F},
  journal   = {Oxford Bulletin of Economics and Statistics},
  publisher = {Wiley},
  volume    = 71,
  number    = 3,
  pages     = {331--355},
  month     = jun,
  year      = 2009,
  issn      = {0305-9049, 1468-0084},
  doi       = {10.1111/j.1468-0084.2008.00541.x}
}

@article{Smyl2019-av,
  title     = {Machine learning methods for {GEFCom2017} probabilistic load orecasting},
  author    = {Smyl, Slawek and Hua, N Grace},
  journal   = {International Journal of Forecasting},
  publisher = {Elsevier},
  volume    = 35,
  number    = 4,
  pages     = {1424--1431},
  month     = oct,
  year      = 2019,
  issn      = {0169-2070},
  doi       = {10.1016/j.ijforecast.2019.02.002}
}

@techreport{Stock1998-np,
  title       = {A Comparison of Linear and Nonlinear Univariate Models for Forecasting Macroeconomic Time Series},
  author      = {Stock, James H and Watson, Mark W},
  publisher   = {nber.org},
  number      = {w6607},
  institution = {National Bureau of Economic Research},
  month       = jun,
  year        = 1998,
  doi         = {10.3386/w6607}
}

@article{Stock2003-sp,
  title   = {How Did Leading Indicator Forecasts Perform during the 2001 Recession?},
  author  = {Stock, James H and Watson, Mark W},
  journal = {FRB Richmond Economic Quarterly},
  volume  = {89},
  number  = {3},
  pages   = {71--90},
  year    = 2003
}

@article{Stock2004-rq,
  title     = {Combination forecasts of output growth in a seven-country data set},
  author    = {Stock, James H and Watson, Mark W},
  journal   = {Journal of Forecasting},
  publisher = {Wiley},
  volume    = 23,
  number    = 6,
  pages     = {405--430},
  month     = sep,
  year      = 2004,
  issn      = {0277-6693, 1099-131X},
  doi       = {10.1002/for.928}
}

@article{Stone1961-zd,
  title     = {The Opinion Pool},
  author    = {Stone, M},
  journal   = {Annals of Mathematical Statistics},
  publisher = {Institute of Mathematical Statistics},
  volume    = 32,
  number    = 4,
  pages     = {1339--1342},
  year      = 1961,
  issn      = {0003-4851}
}

@article{Sugiura1978-xm,
  title     = {Further analysts of the data by akaike's information criterion and the finite corrections: Further analysts of the data by akaike's},
  author    = {Sugiura, N},
  journal   = {Communications in Statistics-Theory and Methods},
  publisher = {Taylor \& Francis},
  year      = 1978
}

@article{Syntetos2009-ho,
  title     = {Forecasting for inventory planning: a 50-year review},
  author    = {Syntetos, A A and Boylan, J E and Disney, S M},
  journal   = {Journal of the Operational Research Society},
  publisher = {Springer},
  volume    = 60,
  number    = 1,
  pages     = {S149--S160},
  month     = may,
  year      = 2009,
  issn      = {0160-5682, 1476-9360},
  doi       = {10.1057/jors.2008.173}
}

@article{Taieb2021-tc,
  title     = {Hierarchical Probabilistic Forecasting of Electricity Demand With Smart Meter Data},
  author    = {Taieb, Souhaib Ben and Taylor, James W and Hyndman, Rob J},
  journal   = {Journal of the American Statistical Association},
  publisher = {Taylor \& Francis},
  volume    = 116,
  number    = 533,
  pages     = {27--43},
  month     = jan,
  year      = 2021,
  issn      = {0162-1459},
  doi       = {10.1080/01621459.2020.1736081}
}

@article{Taillardat2019-ni,
  title     = {{Forest-Based} and Semiparametric Methods for the Postprocessing of Rainfall Ensemble Forecasting},
  author    = {Taillardat, Maxime and Foug{\`e}res, Anne-Laure and Naveau, Philippe and Mestre, Olivier},
  journal   = {Weather and Forecasting},
  publisher = {American Meteorological Society},
  volume    = 34,
  number    = 3,
  pages     = {617--634},
  month     = jun,
  year      = 2019,
  issn      = {0882-8156, 1520-0434},
  doi       = {10.1175/WAF-D-18-0149.1}
}

@article{talagala2018meta,
  title     = {Meta-learning how to forecast time series},
  author    = {Talagala, Thiyanga S and Hyndman, Rob J and Athanasopoulos, George},
  journal   = {Monash Econometrics and Business Statistics Working Papers},
  volume    = {6},
  pages     = {18},
  year      = {2018},
  publisher = {Monash University, Department of Econometrics and Business Statistics}
}

@article{Terui2002-df,
  title     = {Combined forecasts from linear and nonlinear time series models},
  author    = {Terui, Nobuhiko and van Dijk, Herman K},
  journal   = {International Journal of Forecasting},
  publisher = {Elsevier},
  volume    = 18,
  number    = 3,
  pages     = {421--438},
  month     = jul,
  year      = 2002,
  issn      = {0169-2070},
  doi       = {10.1016/S0169-2070(01)00120-0}
}

@article{Thomas1980-lp,
  title     = {On appropriate procedures for combining probability distributions within the same family},
  author    = {Thomas, Ewart A C and Ross, Brian H},
  journal   = {Journal of Mathematical Psychology},
  publisher = {Elsevier},
  volume    = 21,
  number    = 2,
  pages     = {136--152},
  month     = apr,
  year      = 1980,
  issn      = {0022-2496},
  doi       = {10.1016/0022-2496(80)90003-6}
}

@article{Thomson2019-al,
  title     = {Combining forecasts: Performance and coherence},
  author    = {Thomson, Mary E and Pollock, Andrew C and {\"O}nkal, Dilek and G{\"o}n{\"u}l, M Sinan},
  journal   = {International Journal of Forecasting},
  publisher = {Elsevier},
  volume    = 35,
  number    = 2,
  pages     = {474--484},
  month     = apr,
  year      = 2019,
  issn      = {0169-2070},
  doi       = {10.1016/j.ijforecast.2018.10.006}
}

@incollection{Timmermann2006-en,
  title     = {Chapter 4 Forecast Combinations},
  booktitle = {Handbook of Economic Forecasting},
  author    = {Timmermann, Allan},
  editor    = {Elliott, G and Granger, C W J and Timmermann, A},
  publisher = {Elsevier},
  volume    = 1,
  pages     = {135--196},
  month     = jan,
  year      = 2006,
  doi       = {10.1016/S1574-0706(05)01004-9}
}

@article{Trapero2019-uh,
  title   = {Quantile forecast optimal combination to enhance safety stock estimation},
  author  = {Trapero, Juan R and Card{\'o}s, Manuel and Kourentzes, Nikolaos},
  journal = {International Journal of Forecasting},
  volume  = 35,
  number  = 1,
  pages   = {239--250},
  month   = jan,
  year    = 2019,
  issn    = {0169-2070},
  doi     = {10.1016/j.ijforecast.2018.05.009}
}

@article{Turner2014-za,
  title     = {Forecast aggregation via recalibration},
  author    = {Turner, Brandon M and Steyvers, Mark and Merkle, Edgar C and Budescu, David V and Wallsten, Thomas S},
  journal   = {Machine Learning},
  publisher = {Springer},
  volume    = 95,
  number    = 3,
  pages     = {261--289},
  month     = jun,
  year      = 2014,
  issn      = {0885-6125, 1573-0565},
  doi       = {10.1007/s10994-013-5401-4}
}

@article{Vannitsem2021-bg,
  title     = {Statistical Postprocessing for Weather Forecasts: Review, Challenges, and Avenues in a Big Data World},
  author    = {Vannitsem, St{\'e}phane and Bremnes, John Bj{\o}rnar and Demaeyer, Jonathan and Evans, Gavin R and Flowerdew, Jonathan and Hemri, Stephan and Lerch, Sebastian and Roberts, Nigel and Theis, Susanne and Atencia, Aitor and Ben Bouall{\`e}gue, Zied and Bhend, Jonas and Dabernig, Markus and De Cruz, Lesley and Hieta, Leila and Mestre, Olivier and Moret, Lionel and Plenkovi{\'c}, Iris Odak and Schmeits, Maurice and Taillardat, Maxime and Van den Bergh, Joris and Van Schaeybroeck, Bert and Whan, Kirien and Ylhaisi, Jussi},
  journal   = {Bulletin of the American Meteorological Society},
  publisher = {American Meteorological Society},
  volume    = 102,
  number    = 3,
  pages     = {E681--E699},
  month     = mar,
  year      = 2021,
  issn      = {0003-0007, 1520-0477},
  doi       = {10.1175/BAMS-D-19-0308.1}
}

@article{vincent1912-fu,
  title   = {The Functions of the Vibrissae in the Behavior of the White Rat},
  author  = {Vincent, Stella Burnham},
  volume  = {1},
  year    = 1912,
  journal = {Behavioral Monographs}
}

@article{Wallis2005-yf,
  title     = {Combining density and interval forecasts: A modest proposal},
  author    = {Wallis, Kenneth F},
  journal   = {Oxford Bulletin of Economics and Statistics},
  publisher = {Wiley},
  volume    = 67,
  number    = {s1},
  pages     = {983--994},
  month     = dec,
  year      = 2005,
  issn      = {0305-9049, 1468-0084},
  doi       = {10.1111/j.1468-0084.2005.00148.x}
}

@article{Wang2009-hs,
  title     = {Rule induction for forecasting method selection: Meta-learning the characteristics of univariate time series},
  author    = {Wang, Xiaozhe and Smith-Miles, Kate and Hyndman, Rob J},
  journal   = {Neurocomputing},
  publisher = {Elsevier},
  volume    = 72,
  number    = 10,
  pages     = {2581--2594},
  month     = jun,
  year      = 2009,
  issn      = {0925-2312},
  doi       = {10.1016/j.neucom.2008.10.017}
}

@article{Wang2019-lx,
  title     = {Combining Probabilistic Load Forecasts},
  author    = {Wang, Y and Zhang, N and Tan, Y and Hong, T and Kirschen, D S and Kang, C},
  journal   = {IEEE Transactions on Smart Grid},
  publisher = {ieeexplore.ieee.org},
  volume    = 10,
  number    = 4,
  pages     = {3664--3674},
  month     = jul,
  year      = 2019,
  issn      = {1949-3053, 1949-3061},
  doi       = {10.1109/TSG.2018.2833869}
}

@article{Wang2021-un,
  title     = {The uncertainty estimation of feature-based forecast combinations},
  author    = {Wang, Xiaoqian and Kang, Yanfei and Petropoulos, Fotios and Li, Feng},
  year      = {2021},
  month     = jan,
  day       = {18},
  language  = {English},
  journal   = {Journal of the Operational Research Society},
  issn      = {0160-5682},
  publisher = {Palgrave Macmillan},
  doi       = {10.1080/01605682.2021.1880297}
}

@article{Weigel2008-vy,
  title     = {Can multi-model combination really enhance the prediction skill of probabilistic ensemble forecasts?},
  author    = {Weigel, A P and Liniger, M A and Appenzeller, C},
  journal   = {Quarterly Journal of the Royal Meteorological Society},
  publisher = {Wiley},
  volume    = 134,
  number    = 630,
  pages     = {241--260},
  month     = jan,
  year      = 2008,
  issn      = {0035-9009, 1477-870X},
  doi       = {10.1002/qj.210}
}

@article{West1992-gr,
  title     = {Modelling agent forecast distributions},
  author    = {West, Mike},
  journal   = {Journal of the Royal Statistical Society: Series B (Methodological)},
  publisher = {Wiley},
  volume    = 54,
  number    = 2,
  pages     = {553--567},
  month     = jan,
  year      = 1992,
  copyright = {http://onlinelibrary.wiley.com/termsAndConditions\#vor},
  issn      = {0035-9246},
  doi       = {10.1111/j.2517-6161.1992.tb01896.x}
}

@article{West1992-qy,
  title     = {Modelling probabilistic agent opinion},
  author    = {West, Mike and Crosse, Jo},
  journal   = {Journal of the Royal Statistical Society: Series B (Methodological)},
  publisher = {Wiley},
  volume    = 54,
  number    = 1,
  pages     = {285--299},
  month     = sep,
  year      = 1992,
  copyright = {http://onlinelibrary.wiley.com/termsAndConditions\#vor},
  issn      = {0035-9246},
  doi       = {10.1111/j.2517-6161.1992.tb01882.x}
}

@article{Wickramasuriya2019-fc,
  title     = {Optimal Forecast Reconciliation for Hierarchical and Grouped Time Series Through Trace Minimization},
  author    = {Wickramasuriya, Shanika L and Athanasopoulos, George and Hyndman, Rob J},
  journal   = {Journal of the American Statistical Association},
  publisher = {Taylor \& Francis},
  volume    = 114,
  number    = 526,
  pages     = {804--819},
  month     = apr,
  year      = 2019,
  issn      = {0162-1459},
  doi       = {10.1080/01621459.2018.1448825}
}

@article{Wilson2017-ct,
  title     = {An investigation of dependence in expert judgement studies with multiple experts},
  author    = {Wilson, Kevin J},
  journal   = {International Journal of Forecasting},
  publisher = {Elsevier},
  volume    = 33,
  number    = 1,
  pages     = {325--336},
  month     = jan,
  year      = 2017,
  issn      = {0169-2070},
  doi       = {10.1016/j.ijforecast.2015.11.014}
}

@article{Winkler1968-uw,
  title     = {The Consensus of Subjective Probability Distributions},
  author    = {Winkler, Robert L},
  journal   = {Management Science},
  publisher = {INFORMS},
  volume    = 15,
  number    = 2,
  pages     = {B--61--B--75},
  month     = oct,
  year      = 1968,
  issn      = {0025-1909},
  doi       = {10.1287/mnsc.15.2.B61}
}

@article{Winkler1981-bn,
  title     = {Combining Probability Distributions from Dependent Information Sources},
  author    = {Winkler, Robert L},
  journal   = {Management Science},
  publisher = {INFORMS},
  volume    = 27,
  number    = 4,
  pages     = {479--488},
  month     = apr,
  year      = 1981,
  issn      = {0025-1909},
  doi       = {10.1287/mnsc.27.4.479}
}

@article{Winkler1983-ra,
  title     = {The combination of forecasts},
  author    = {Winkler, Robert L and Makridakis, Spyros},
  journal   = {Journal of the Royal Statistical Society. Series A},
  publisher = {JSTOR},
  volume    = 146,
  number    = 2,
  pages     = {150},
  year      = 1983,
  issn      = {0035-9238, 2397-2327},
  doi       = {10.2307/2982011}
}

@article{Wolpert1992-if,
  title   = {Stacked Generalization},
  author  = {Wolpert, David H},
  journal = {Elsevier Oceanography Series},
  volume  = 87545,
  number  = 505,
  pages   = {1--57},
  year    = 1992,
  issn    = {0422-9894}
}

% R packages
@article{Wright2008-bs,
  title     = {Bayesian Model Averaging and exchange rate forecasts},
  author    = {Wright, Jonathan H},
  journal   = {Journal of Econometrics},
  publisher = {Elsevier},
  volume    = 146,
  number    = 2,
  pages     = {329--341},
  month     = oct,
  year      = 2008,
  issn      = {0304-4076},
  doi       = {10.1016/j.jeconom.2008.08.012}
}

@article{Xie2016-fb,
  title     = {{GEFCom2014} probabilistic electric load forecasting: An integrated solution with forecast combination and residual simulation},
  author    = {Xie, Jingrui and Hong, Tao},
  journal   = {International Journal of Forecasting},
  publisher = {Elsevier B.V.},
  volume    = 32,
  number    = 3,
  pages     = {1012--1016},
  year      = 2016,
  issn      = {0169-2070},
  doi       = {10.1016/j.ijforecast.2015.11.005}
}

@article{Yao2008-or,
  title     = {Evolving artificial neural network ensembles},
  author    = {Yao, X and Islam, M M},
  journal   = {IEEE Computational Intelligence Magazine},
  publisher = {ieeexplore.ieee.org},
  volume    = 3,
  number    = 1,
  pages     = {31--42},
  month     = feb,
  year      = 2008,
  issn      = {1556-6048},
  doi       = {10.1109/MCI.2007.913386}
}

@book{Zellner2001-si,
  title     = {Keep it sophisticatedly simple},
  author    = {Zellner, Arnold},
  year      = 2001,
  publisher = {Cambridge: Cambridge University Press}
}

@article{Zhang2020-dm,
  title     = {Load probability density forecasting by transforming and combining quantile forecasts},
  author    = {Zhang, Shu and Wang, Yi and Zhang, Yutian and Wang, Dan and Zhang, Ning},
  journal   = {Applied Energy},
  publisher = {Elsevier},
  volume    = 277,
  pages     = {115600},
  month     = nov,
  year      = 2020,
  issn      = {0306-2619},
  doi       = {10.1016/j.apenergy.2020.115600}
}

@article{Zhao2020-ep,
  title         = {{{For2For}}: Learning to forecast from forecasts},
  author        = {Zhao, Shi and Feng, Ying},
  month         = jan,
  year          = 2020,
  archiveprefix = {arXiv},
  eprint        = {2001.04601},
  primaryclass  = {stat.ML},
  arxivid       = {2001.04601}
}

@article{Zhou2002-cg,
  title   = {Ensembling neural networks: Many could be better than all},
  author  = {Zhou, Zhihua and Wu, Jianxin and Tang, Wei},
  journal = {Artificial Intelligence},
  volume  = 137,
  number  = 1,
  pages   = {239--263},
  month   = may,
  year    = 2002,
  issn    = {0004-3702},
  doi     = {10.1016/S0004-3702(02)00190-X}
}

@book{Zhou2012-cy,
  title     = {Ensemble methods: foundations and algorithms},
  author    = {Zhou, Zhihua},
  year      = {2012},
  publisher = {CRC press}
}
